2023-08-10 11:28:11,BUY,Max Financial,11.47,11.47
2023-08-10 11:28:11,BUY,JSW Energy,5.98,5.98
2023-08-10 11:28:11,BUY,Trent,4.87,4.87
2023-08-10 11:28:11,BUY,Trident Ltd,4.37,4.37
2023-08-10 11:28:11,BUY,Zee Ent,3.22,3.22
2023-08-10 11:28:11,BUY,Sun TV,2.78,2.78
2023-08-10 11:28:11,BUY,Adani Ports SEZ,2.34,2.34
2023-08-10 11:33:41,BUY,HDFC AMC,240.0,240.0
2023-08-10 11:41:42,BUY,Zee Ent,2.52,2.52
2023-08-10 11:47:02,BUY,Max Financial,11.03,11.03
2023-08-10 11:47:02,BUY,JSW Energy,5.87,5.87
2023-08-10 11:47:02,BUY,Trent,5.71,5.71
2023-08-10 11:47:02,BUY,Trident Ltd,4.84,4.84
2023-08-10 11:47:02,BUY,Zee Ent,2.91,2.91
2023-08-10 11:47:02,BUY,HDFC AMC,2.67,2.67
2023-08-10 11:47:02,BUY,Mankind Phar,2.28,2.28
2023-08-10 11:56:44,BUY,Adani Ports SEZ,2.31,2.31
2023-08-10 11:56:44,SELL,Adani Ports SEZ,2.91,-0.5
2023-08-10 12:00:44,SELL,Trent,5.71,5.15
2023-08-10 12:00:44,BUY,Mankind Phar,2.09,2.09
2023-08-10 12:00:44,SELL,Mankind Phar,2.67,-0.5
2023-08-10 12:03:52,BUY,Adani Ports SEZ,2.03,2.03
2023-08-10 12:03:52,SELL,Adani Ports SEZ,2.67,-0.5
2023-08-10 12:10:48,BUY,Sun TV,2.01,2.01
2023-08-10 12:10:48,SELL,Sun TV,2.03,-0.5
2023-08-10 12:13:46,SELL,"([[19, 145], [57, 145], [57, 161], [19, 161]], '4,52', 0.5142884850502014)",2.01,-0.5
2023-08-10 12:13:46,SELL,"([[19, 145], [57, 145], [57, 161], [19, 161]], '4,52', 0.5142884850502014)",2.01,-0.5
2023-08-10 12:13:46,SELL,"([[19, 145], [57, 145], [57, 161], [19, 161]], '4,52', 0.5142884850502014)",2.01,-0.5
2023-08-10 12:13:46,SELL,"([[19, 145], [57, 145], [57, 161], [19, 161]], '4,52', 0.5142884850502014)",2.01,-0.5
2023-08-10 12:13:46,SELL,"([[19, 145], [57, 145], [57, 161], [19, 161]], '4,52', 0.5142884850502014)",2.01,-0.5
2023-08-10 12:13:46,SELL,"([[19, 145], [57, 145], [57, 161], [19, 161]], '4,52', 0.5142884850502014)",2.01,-0.5
2023-08-11 11:43:39,BUY,HCLTECHEQN,1167.85,1167.85
2023-08-11 11:43:44,BUY,HCLTECHEQN,1167.85,1167.85
2023-08-11 11:43:49,BUY,HCLTECHEQN,1167.85,1167.85
2023-08-11 11:43:54,BUY,HCLTECHEQN,1167.85,1167.85
2023-08-11 11:43:58,BUY,HCLTECHEQN,1167.85,1167.85
2023-08-11 11:44:02,BUY,HCLTECHEQN,1167.85,1167.85
2023-08-11 11:44:06,BUY,HCLTECHEQN,1167.85,1167.85
2023-08-11 11:44:12,BUY,HCLTECHEQN,1167.7,1167.7
2023-08-11 11:44:16,BUY,HCLTECHEQN,1167.7,1167.7
2023-08-11 11:44:19,BUY,HCLTECHEQN,1167.7,1167.7
2023-08-11 11:44:23,BUY,HCLTECHEQN,1167.7,1167.7
2023-08-11 11:44:28,BUY,HCLTECHEQN,1167.7,1167.7
2023-08-11 11:44:32,BUY,HCLTECHEQN,1167.7,1167.7
2023-08-11 11:44:36,BUY,HCLTECHEQN,1167.7,1167.7
2023-08-11 11:44:41,BUY,HCLTECHEQN,1167.7,1167.7
2023-08-11 11:44:46,BUY,HCLTECHEQN,1167.7,1167.7
2023-08-11 11:44:50,BUY,HCLTECHEQN,1167.7,1167.7
2023-08-11 11:44:54,BUY,HCLTECHEQN,1167.7,1167.7
2023-08-11 11:45:06,BUY,HCLTECHEQN,1167.7,1167.7
2023-08-11 11:45:18,BUY,HCLTECHEQN,1167.7,1167.7
2023-08-11 11:45:22,BUY,HCLTECHEQN,1167.7,1167.7
2023-08-11 11:45:27,BUY,HCLTECHEQN,1167.7,1167.7
2023-08-11 11:45:31,BUY,HCLTECHEQN,1167.7,1167.7
2023-08-11 11:45:35,BUY,HCLTECHEQN,1167.7,1167.7
2023-08-11 11:45:39,BUY,HCLTECHEQN,1167.7,1167.7
2023-08-11 11:45:43,BUY,HCLTECHEQN,1167.7,1167.7
2023-08-11 11:45:48,BUY,HCLTECHEQN,1168,1168
2023-08-11 11:45:51,BUY,HCLTECHEQN,1168,1168
2023-08-11 11:45:55,BUY,HCLTECHEQN,1168,1168
2023-08-11 11:46:00,BUY,HCLTECHEQN,1168,1168
2023-08-11 11:46:04,BUY,HCLTECHEQN,1168,1168
2023-08-11 11:46:08,BUY,HCLTECHEQN,1168,1168
2023-08-11 11:46:12,BUY,HCLTECHEQN,1168,1168
2023-08-11 11:46:16,BUY,HCLTECHEQN,1168.1,1168.1
2023-08-11 11:46:20,BUY,HCLTECHEQN,1168.1,1168.1
2023-08-11 11:46:24,BUY,HCLTECHEQN,1168.1,1168.1
2023-08-11 11:46:29,BUY,HCLTECHEQN,1168.1,1168.1
2023-08-11 11:46:33,BUY,HCLTECHEQN,1167.7,1167.7
2023-08-11 11:46:37,BUY,HCLTECHEQN,1167.7,1167.7
2023-08-11 11:46:41,BUY,HCLTECHEQN,1167.7,1167.7
2023-08-11 11:46:46,BUY,HCLTECHEQN,1167.7,1167.7
2023-08-11 11:46:50,BUY,HCLTECHEQN,1167.7,1167.7
2023-08-11 11:46:56,BUY,HCLTECHEQN,1167.7,1167.7
2023-08-11 11:47:00,BUY,HCLTECHEQN,1168,1168
2023-08-11 11:47:04,BUY,HCLTECHEQN,1168,1168
2023-08-11 11:47:09,BUY,HCLTECHEQN,1168,1168
2023-08-11 11:47:13,BUY,HCLTECHEQN,1168,1168
2023-08-11 11:47:17,BUY,HCLTECHEQN,1168,1168
2023-08-11 11:47:21,BUY,HCLTECHEQN,1168,1168
2023-08-11 11:47:26,BUY,HCLTECHEQN,1168,1168
2023-08-11 11:47:35,BUY,HCLTECHEQN,1168,1168
2023-08-11 11:47:40,BUY,HCLTECHEQN,1168,1168
2023-08-11 11:47:45,BUY,HCLTECHEQN,1168.2,1168.2
2023-08-11 11:47:49,BUY,HCLTECHEQN,1168.2,1168.2
2023-08-11 11:47:52,BUY,HCLTECHEQN,1168.2,1168.2
2023-08-11 11:47:57,BUY,INDIANBEQN,392,392
2023-08-11 11:48:01,BUY,INDIANBEQN,392,392
2023-08-11 11:48:05,BUY,INDIANBEQN,392,392
2023-08-11 11:48:10,BUY,INDIANBEQN,392,392
2023-08-11 11:48:15,BUY,INDIANBEQN,392,392
2023-08-11 11:48:19,BUY,INDIANBEQN,392,392
2023-08-11 11:48:24,BUY,INDIANBEQN,392,392
2023-08-11 11:48:28,BUY,INDIANBEQN,392,392
2023-08-11 11:48:32,BUY,INDIANBEQN,392,392
2023-08-11 11:48:36,BUY,INDIANBEQN,392,392
2023-08-11 11:48:44,BUY,HCLTECHEQN,1168.05,1168.05
2023-08-11 11:48:48,BUY,HCLTECHEQN,1168.05,1168.05
2023-08-11 11:48:52,BUY,HCLTECHEQN,1168.05,1168.05
2023-08-11 11:48:56,BUY,HCLTECHEQN,1168.05,1168.05
2023-08-11 11:49:01,BUY,INDIANBEQN,392.95,392.95
2023-08-11 11:49:07,BUY,INDIANBEQN,392.95,392.95
2023-08-11 11:49:11,BUY,INDIANBEQN,392.95,392.95
2023-08-11 11:49:16,BUY,INDIANBEQN,392.95,392.95
2023-08-11 11:49:21,BUY,INDIANBEQN,392.95,392.95
2023-08-11 11:49:26,BUY,INDIANBEQN,392.95,392.95
2023-08-11 11:49:30,BUY,INDIANBEQN,392.95,392.95
2023-08-11 11:49:36,BUY,INDIANBEQN,392.95,392.95
2023-08-11 11:49:42,BUY,INDIANBEQN,392.95,392.95
2023-08-11 11:49:47,BUY,INDIANBEQN,392.95,392.95
2023-08-11 11:49:54,BUY,INDIANBEQN,392.95,392.95
2023-08-11 11:49:58,BUY,INDIANBEQN,392.95,392.95
2023-08-11 11:50:03,BUY,INDIANBEQN,392.8,392.8
2023-08-11 11:50:08,BUY,INDIANBEQN,392.8,392.8
2023-08-11 11:50:12,BUY,INDIANBEQN,392.8,392.8
2023-08-11 11:50:16,BUY,INDIANBEQN,392.8,392.8
2023-08-11 11:50:20,BUY,INDIANBEQN,393,393
2023-08-11 11:50:24,BUY,INDIANBEQN,393,393
2023-08-11 11:50:29,BUY,INDIANBEQN,393,393
2023-08-11 11:54:17,BUY,HCLTECHEQN,1168.9,1168.9
2023-08-11 11:54:21,BUY,HCLTECHEQN,1168.9,1168.9
2023-08-11 11:54:25,BUY,HCLTECHEQN,1168.9,1168.9
2023-08-11 11:54:31,BUY,HCLTECHEQN,1168.9,1168.9
2023-08-11 11:54:35,BUY,HCLTECHEQN,1168.9,1168.9
2023-08-11 11:54:39,BUY,HCLTECHEQN,1168.9,1168.9
2023-08-11 11:54:44,BUY,HCLTECHEQN,1168.9,1168.9
2023-08-11 11:54:48,BUY,HCLTECHEQN,1168.8,1168.8
2023-08-11 11:54:53,BUY,HCLTECHEQN,1168.8,1168.8
2023-08-11 11:54:57,BUY,HCLTECHEQN,1168.8,1168.8
2023-08-11 11:55:02,BUY,HCLTECHEQN,1169,1169
2023-08-11 11:55:07,BUY,HCLTECHEQN,1169,1169
2023-08-11 11:55:11,BUY,HCLTECHEQN,1169,1169
2023-08-11 11:55:15,BUY,HCLTECHEQN,1169,1169
2023-08-11 11:55:20,BUY,HCLTECHEQN,1169,1169
2023-08-11 11:55:24,BUY,HCLTECHEQN,1169,1169
2023-08-11 11:55:28,BUY,HCLTECHEQN,1169,1169
2023-08-11 11:55:32,BUY,HCLTECHEQN,1168.95,1168.95
2023-08-11 11:55:36,BUY,HCLTECHEQN,1168.95,1168.95
2023-08-11 11:55:40,BUY,HCLTECHEQN,1168.95,1168.95
2023-08-11 11:55:45,BUY,HCLTECHEQN,1168.95,1168.95
2023-08-11 11:55:52,BUY,HCLTECHEQN,1168.95,1168.95
2023-08-11 11:55:56,BUY,HCLTECHEQN,1168.95,1168.95
2023-08-11 11:56:00,BUY,HCLTECHEQN,1168.95,1168.95
2023-08-11 11:56:04,BUY,HCLTECHEQN,1168.85,1168.85
2023-08-11 11:56:08,BUY,HCLTECHEQN,1168.85,1168.85
2023-08-11 11:56:12,BUY,HCLTECHEQN,1168.85,1168.85
2023-08-11 11:56:15,BUY,HCLTECHEQN,1168.85,1168.85
2023-08-11 11:56:19,BUY,HCLTECHEQN,1168.85,1168.85
2023-08-11 11:56:23,BUY,HCLTECHEQN,1168.85,1168.85
2023-08-11 11:56:28,BUY,HCLTECHEQN,1168.85,1168.85
2023-08-11 11:56:33,BUY,HCLTECHEQN,1168.85,1168.85
2023-08-11 11:56:38,BUY,HCLTECHEQN,1169,1169
2023-08-11 11:56:42,BUY,HCLTECHEQN,1169,1169
2023-08-11 11:56:45,BUY,HCLTECHEQN,1168.85,1168.85
2023-08-11 11:56:51,BUY,HCLTECHEQN,1169,1169
2023-08-11 11:56:55,BUY,HCLTECHEQN,1169,1169
2023-08-11 12:00:46,BUY,HCLTECHEQN,2.92,2.92
2023-08-11 12:00:46,BUY,HCLTECHEQN,2.92,2.92
2023-08-11 12:00:47,BUY,HCLTECHEQN,2.92,2.92
2023-08-11 12:00:48,BUY,HCLTECHEQN,2.92,2.92
2023-08-11 12:00:48,BUY,HCLTECHEQN,2.92,2.92
2023-08-11 12:00:49,BUY,HCLTECHEQN,2.92,2.92
2023-08-11 12:00:50,BUY,HCLTECHEQN,2.92,2.92
2023-08-11 12:00:51,BUY,HCLTECHEQN,2.92,2.92
2023-08-11 12:00:51,BUY,HCLTECHEQN,2.92,2.92
2023-08-11 12:00:52,BUY,HCLTECHEQN,2.92,2.92
2023-08-11 12:00:53,BUY,HCLTECHEQN,2.92,2.92
2023-08-11 12:00:54,BUY,HCLTECHEQN,2.92,2.92
2023-08-11 12:00:55,BUY,HCLTECHEQN,2.92,2.92
2023-08-11 12:00:56,BUY,HCLTECHEQN,2.92,2.92
2023-08-11 12:00:57,BUY,HCLTECHEQN,2.92,2.92
2023-08-11 12:00:58,BUY,HCLTECHEQN,2.92,2.92
2023-08-11 12:01:41,BUY,HCLTECHEQN,2.98,2.98
2023-08-11 12:01:42,BUY,HCLTECHEQN,2.98,2.98
2023-08-11 12:01:43,BUY,HCLTECHEQN,2.98,2.98
2023-08-11 12:01:44,BUY,HCLTECHEQN,2.98,2.98
2023-08-11 12:01:45,BUY,HCLTECHEQN,2.98,2.98
2023-08-11 12:01:46,BUY,HCLTECHEQN,2.98,2.98
2023-08-11 12:01:47,BUY,HCLTECHEQN,2.98,2.98
2023-08-11 12:01:47,BUY,HCLTECHEQN,2.98,2.98
2023-08-11 12:01:48,BUY,HCLTECHEQN,2.98,2.98
2023-08-11 12:01:49,BUY,HCLTECHEQN,2.98,2.98
2023-08-11 12:01:49,BUY,HCLTECHEQN,2.98,2.98
2023-08-11 12:01:50,BUY,HCLTECHEQN,2.98,2.98
2023-08-11 12:01:51,BUY,HCLTECHEQN,2.98,2.98
2023-08-11 12:01:51,BUY,HCLTECHEQN,2.98,2.98
2023-08-11 12:01:52,BUY,HCLTECHEQN,2.98,2.98
2023-08-11 12:01:53,BUY,HCLTECHEQN,2.98,2.98
2023-08-11 12:01:53,BUY,HCLTECHEQN,2.98,2.98
2023-08-11 12:01:54,BUY,HCLTECHEQN,2.98,2.98
2023-08-11 12:01:54,BUY,HCLTECHEQN,2.98,2.98
2023-08-11 12:01:55,BUY,HCLTECHEQN,2.98,2.98
2023-08-11 12:01:57,BUY,HCLTECHEQN,2.98,2.98
2023-08-11 12:01:59,BUY,HCLTECHEQN,2.98,2.98
2023-08-11 12:02:00,BUY,HCLTECHEQN,2.98,2.98
2023-08-11 12:02:01,BUY,HCLTECHEQN,2.98,2.98
2023-08-11 12:02:02,BUY,HCLTECHEQN,2.98,2.98
2023-08-11 12:02:03,BUY,HCLTECHEQN,2.98,2.98
2023-08-11 12:02:06,BUY,HCLTECHEQN,2.98,2.98
2023-08-11 12:02:07,BUY,HCLTECHEQN,2.98,2.98
2023-08-11 12:02:08,BUY,HCLTECHEQN,2.98,2.98
2023-08-11 12:02:09,BUY,HCLTECHEQN,2.98,2.98
2023-08-11 12:02:10,BUY,HCLTECHEQN,2.98,2.98
2023-08-11 12:02:10,BUY,HCLTECHEQN,2.98,2.98
2023-08-11 12:02:11,BUY,HCLTECHEQN,2.98,2.98
2023-08-11 12:02:12,BUY,HCLTECHEQN,2.98,2.98
2023-08-11 12:02:13,BUY,HCLTECHEQN,2.98,2.98
2023-08-11 12:02:14,BUY,HCLTECHEQN,2.98,2.98
2023-08-11 12:02:14,BUY,HCLTECHEQN,2.98,2.98
2023-08-11 12:02:16,BUY,HCLTECHEQN,2.98,2.98
2023-08-11 12:02:20,BUY,BHELEQN,3.02,3.02
2023-08-11 12:02:26,BUY,BHELEQN,3.02,3.02
2023-08-11 12:02:30,BUY,BHELEQN,3.02,3.02
2023-08-11 12:02:35,BUY,BHELEQN,3.02,3.02
2023-08-11 12:02:39,BUY,BHELEQN,3.02,3.02
2023-08-11 12:02:43,BUY,BHELEQN,3.02,3.02
2023-08-11 12:02:48,BUY,BHELEQN,3.02,3.02
2023-08-11 12:02:52,BUY,BHELEQN,3.02,3.02
2023-08-11 12:02:57,BUY,BHELEQN,3.02,3.02
2023-08-11 12:03:01,BUY,BHELEQN,3.02,3.02
2023-08-11 12:03:05,BUY,BHELEQN,3.02,3.02
2023-08-11 12:03:52,BUY,BHELEQN,3.02,3.02
2023-08-11 12:03:56,BUY,BHELEQN,3.02,3.02
2023-08-11 12:04:00,BUY,BHELEQN,3.02,3.02
2023-08-11 12:04:04,BUY,BHELEQN,3.07,3.07
2023-08-11 12:04:09,BUY,BHELEQN,3.07,3.07
2023-08-11 12:04:14,BUY,BHELEQN,3.07,3.07
2023-08-11 12:04:18,BUY,BHELEQN,3.07,3.07
2023-08-11 12:06:38,BUY,HCLTECHEQN,2.97,2.97
2023-08-11 12:06:43,BUY,HCLTECHEQN,2.97,2.97
2023-08-11 12:06:46,BUY,HCLTECHEQN,2.97,2.97
2023-08-11 12:06:53,BUY,HCLTECHEQN,2.97,2.97
2023-08-11 12:06:57,BUY,HCLTECHEQN,2.97,2.97
2023-08-11 12:07:01,BUY,HCLTECHEQN,2.97,2.97
2023-08-11 12:07:05,BUY,HCLTECHEQN,2.97,2.97
2023-08-11 12:07:29,BUY,HCLTECHEQN,3.06,3.06
2023-08-11 12:07:39,BUY,HCLTECHEQN,3.06,3.06
2023-08-11 12:07:43,BUY,HCLTECHEQN,3.06,3.06
2023-08-11 12:07:48,BUY,HCLTECHEQN,3.06,3.06
2023-08-11 12:07:53,BUY,HCLTECHEQN,3.06,3.06
2023-08-11 12:07:57,BUY,HCLTECHEQN,3.06,3.06
2023-08-11 12:08:01,BUY,HCLTECHEQN,3.05,3.05
2023-08-11 12:08:05,BUY,HCLTECHEQN,3.05,3.05
2023-08-11 12:08:10,BUY,HCLTECHEQN,3.05,3.05
2023-08-11 12:08:14,BUY,HCLTECHEQN,3.05,3.05
2023-08-11 12:08:20,BUY,HCLTECHEQN,3.05,3.05
2023-08-11 12:08:24,BUY,HCLTECHEQN,3.05,3.05
2023-08-11 12:09:31,BUY,HCLTECHEQN,3.07,3.07
2023-08-11 12:09:36,BUY,HCLTECHEQN,3.07,3.07
2023-08-11 12:09:40,BUY,HCLTECHEQN,3.07,3.07
2023-08-11 12:24:36,BUY,HCLTECHEQN,2.93,2.93
2023-08-11 12:24:43,BUY,HCLTECHEQN,2.93,2.93
2023-08-11 12:24:47,BUY,HCLTECHEQN,2.93,2.93
2023-08-11 12:24:54,BUY,HCLTECHEQN,2.96,2.96
2023-08-11 12:24:59,BUY,HCLTECHEQN,2.96,2.96
2023-08-11 12:25:04,BUY,HCLTECHEQN,2.96,2.96
2023-08-11 12:25:13,BUY,HCLTECHEQN,2.96,2.96
2023-08-11 12:25:17,BUY,HCLTECHEQN,2.96,2.96
2023-08-11 12:25:21,BUY,HCLTECHEQN,2.96,2.96
2023-08-11 12:25:26,BUY,HCLTECHEQN,2.96,2.96
2023-08-11 12:25:30,BUY,HCLTECHEQN,2.96,2.96
2023-08-11 12:25:41,BUY,BANKINDIAEQN,2.9,2.9
2023-08-11 12:50:05,BUY,VBLEQN,3.29,3.29
2023-08-11 12:50:06,SELL,VBLEQN,3.29,845.45
2023-08-11 12:50:18,SELL,VBLEQN,3.29,845.45
2023-08-11 12:50:27,SELL,VBLEQN,3.29,845.45
2023-08-11 12:50:35,SELL,VBLEQN,3.29,845.45
2023-08-11 12:50:50,SELL,VBLEQN,3.29,846.7
2023-08-11 12:50:56,SELL,VBLEQN,3.29,846.7
2023-08-11 12:51:20,SELL,VBLEQN,3.29,849.0
2023-08-11 12:51:26,SELL,VBLEQN,3.29,849.0
2023-08-11 12:51:35,SELL,VBLEQN,3.29,847.55
2023-08-11 12:51:47,SELL,VBLEQN,3.29,847.55
2023-08-11 12:51:55,SELL,VBLEQN,3.29,847.55
2023-08-11 12:52:02,SELL,VBLEQN,3.29,847.55
2023-08-11 12:52:11,SELL,VBLEQN,3.29,847.55
2023-08-11 12:52:19,SELL,VBLEQN,3.29,847.9
2023-08-11 12:52:27,SELL,VBLEQN,3.29,847.9
2023-08-11 12:52:35,SELL,VBLEQN,3.29,847.9
2023-08-11 12:52:42,SELL,VBLEQN,3.29,847.9
2023-08-11 12:53:14,SELL,VBLEQN,3.29,847.1
2023-08-11 12:53:21,SELL,VBLEQN,3.29,847.1
2023-08-11 12:53:27,SELL,VBLEQN,3.29,848.1
2023-08-11 12:53:36,SELL,VBLEQN,3.29,848.5
2023-08-11 12:53:43,SELL,VBLEQN,3.29,848.5
2023-08-11 12:53:55,SELL,VBLEQN,3.29,848.5
2023-08-11 12:54:06,SELL,VBLEQN,3.29,848.5
2023-08-11 12:56:17,SELL,VBLEQN,3.29,843.8
2023-08-11 12:56:43,SELL,VBLEQN,3.29,844.85
2023-08-11 12:56:51,SELL,VBLEQN,3.29,844.85
2023-08-11 12:57:08,SELL,VBLEQN,3.29,844.85
2023-08-11 12:57:17,SELL,VBLEQN,3.29,844.85
2023-08-11 12:57:28,SELL,VBLEQN,3.29,844.85
2023-08-11 12:57:36,SELL,VBLEQN,3.29,846.15
2023-08-11 12:57:47,SELL,VBLEQN,3.29,846.15
2023-08-11 12:57:55,SELL,VBLEQN,3.29,847.55
2023-08-11 12:58:03,SELL,VBLEQN,3.29,847.55
2023-08-11 12:58:10,SELL,VBLEQN,3.29,847.55
2023-08-11 12:58:18,SELL,VBLEQN,3.29,846.0
2023-08-11 12:58:26,SELL,VBLEQN,3.29,846.0
2023-08-11 12:58:34,SELL,VBLEQN,3.29,846.0
2023-08-11 12:58:41,SELL,VBLEQN,3.29,846.0
2023-08-11 12:58:54,SELL,VBLEQN,3.29,845.65
2023-08-11 12:59:01,SELL,VBLEQN,3.29,845.65
2023-08-11 12:59:10,SELL,VBLEQN,3.29,845.5
2023-08-11 12:59:18,SELL,VBLEQN,3.29,845.5
2023-08-11 12:59:26,SELL,VBLEQN,3.29,846.4
2023-08-11 12:59:34,SELL,VBLEQN,3.29,846.4
2023-08-11 12:59:40,SELL,VBLEQN,3.29,846.4
2023-08-11 12:59:47,SELL,VBLEQN,3.29,846.4
2023-08-11 13:00:04,SELL,VBLEQN,3.29,846.4
2023-08-11 13:00:27,SELL,VBLEQN,3.29,846.55
2023-08-11 13:00:45,SELL,VBLEQN,3.29,845.95
2023-08-11 13:00:52,SELL,VBLEQN,3.29,845.95
2023-08-11 13:01:10,SELL,VBLEQN,3.29,845.95
2023-08-11 13:01:16,SELL,VBLEQN,3.29,845.95
2023-08-11 13:01:22,SELL,VBLEQN,3.29,845.6
2023-08-11 13:01:30,SELL,VBLEQN,3.29,845.6
2023-08-11 13:01:43,SELL,VBLEQN,3.29,845.15
2023-08-11 13:01:51,SELL,VBLEQN,3.29,845.15
2023-08-11 13:01:58,SELL,VBLEQN,3.29,845.15
2023-08-11 13:02:06,SELL,VBLEQN,3.29,845.15
2023-08-11 13:02:24,SELL,VBLEQN,3.29,845.9
2023-08-11 13:02:42,SELL,VBLEQN,3.29,845.5
2023-08-11 13:02:52,SELL,VBLEQN,3.29,845.5
2023-08-11 13:03:37,SELL,VBLEQN,3.29,845.15
2023-08-11 13:03:46,SELL,VBLEQN,3.29,844.85
2023-08-11 13:03:52,SELL,VBLEQN,3.29,844.85
2023-08-11 13:03:59,SELL,VBLEQN,3.29,844.85
2023-08-11 13:04:07,SELL,VBLEQN,3.29,843.7
2023-08-11 13:04:22,SELL,VBLEQN,3.29,843.7
2023-08-11 13:04:30,SELL,VBLEQN,3.29,843.7
2023-08-11 13:04:36,SELL,VBLEQN,3.29,843.7
2023-08-11 13:05:51,SELL,VBLEQN,3.29,844.35
2023-08-11 13:05:58,SELL,VBLEQN,3.29,844.35
2023-08-11 13:06:06,SELL,VBLEQN,3.29,844.45
2023-08-11 13:06:29,SELL,VBLEQN,3.29,844.45
2023-08-11 13:06:43,SELL,VBLEQN,3.29,844.45
2023-08-11 13:07:14,SELL,VBLEQN,3.29,843.65
2023-08-11 13:07:41,SELL,VBLEQN,3.29,843.65
2023-08-11 13:07:50,SELL,VBLEQN,3.29,843.65
2023-08-11 13:07:58,SELL,VBLEQN,3.29,843.65
2023-08-11 13:08:04,SELL,VBLEQN,3.29,843.65
2023-08-11 13:08:13,SELL,VBLEQN,3.29,843.75
2023-08-11 13:08:19,SELL,VBLEQN,3.29,843.75
2023-08-11 13:08:26,SELL,VBLEQN,3.29,843.75
2023-08-11 13:08:33,SELL,VBLEQN,3.29,843.75
2023-08-11 13:08:39,SELL,VBLEQN,3.29,843.75
2023-08-11 13:08:55,SELL,VBLEQN,3.29,844.05
2023-08-11 13:09:58,SELL,VBLEQN,3.29,844.5
2023-08-11 13:10:08,SELL,VBLEQN,3.29,844.5
2023-08-11 13:10:17,SELL,VBLEQN,3.29,844.5
2023-08-11 13:10:35,SELL,VBLEQN,3.29,844.7
2023-08-11 13:10:42,SELL,VBLEQN,3.29,844.7
2023-08-11 13:10:54,SELL,VBLEQN,3.29,845.45
2023-08-11 13:11:03,SELL,VBLEQN,3.29,845.45
2023-08-11 13:11:41,SELL,VBLEQN,3.29,845.9
2023-08-11 13:11:49,SELL,VBLEQN,3.29,845.9
2023-08-11 13:12:14,SELL,VBLEQN,3.29,845.5
2023-08-11 13:12:20,SELL,VBLEQN,3.29,845.5
2023-08-11 13:12:27,SELL,VBLEQN,3.29,845.5
2023-08-11 13:12:40,SELL,VBLEQN,3.29,845.5
2023-08-11 13:14:04,SELL,VBLEQN,3.29,845.05
2023-08-11 13:14:11,SELL,VBLEQN,3.29,845.05
2023-08-11 13:14:17,SELL,VBLEQN,3.29,845.05
2023-08-11 13:14:27,SELL,VBLEQN,3.29,845.0
2023-08-11 13:14:33,SELL,VBLEQN,3.29,845.0
2023-08-11 13:14:40,SELL,VBLEQN,3.29,845.0
2023-08-11 13:14:46,SELL,VBLEQN,3.29,845.0
2023-08-11 13:14:52,SELL,VBLEQN,3.29,844.85
2023-08-11 13:15:08,SELL,VBLEQN,3.29,845.45
2023-08-11 13:15:34,SELL,VBLEQN,3.29,845.35
2023-08-11 13:15:41,SELL,VBLEQN,3.29,845.35
2023-08-11 13:15:56,SELL,VBLEQN,3.29,845.35
2023-08-11 13:16:03,SELL,VBLEQN,3.29,845.35
2023-08-11 13:16:10,SELL,VBLEQN,3.29,845.35
2023-08-11 13:16:17,SELL,VBLEQN,3.29,845.35
2023-08-11 13:16:24,SELL,VBLEQN,3.29,845.5
2023-08-11 13:16:31,SELL,VBLEQN,3.29,845.5
2023-08-11 13:16:37,SELL,VBLEQN,3.29,845.05
2023-08-11 13:17:00,SELL,VBLEQN,3.29,845.05
2023-08-11 13:17:19,SELL,VBLEQN,3.29,845.2
2023-08-11 13:17:27,SELL,VBLEQN,3.29,845.2
2023-08-11 13:17:34,SELL,VBLEQN,3.29,845.2
2023-08-11 13:17:46,SELL,VBLEQN,3.29,845.2
2023-08-11 13:17:54,SELL,VBLEQN,3.29,845.9
2023-08-11 13:18:05,SELL,VBLEQN,3.29,845.9
2023-08-11 13:18:11,SELL,VBLEQN,3.29,845.9
2023-08-11 13:18:35,SELL,VBLEQN,3.29,845.9
2023-08-11 13:19:26,SELL,VBLEQN,3.29,846.5
2023-08-11 13:19:40,SELL,VBLEQN,3.29,846.5
2023-08-11 13:19:49,SELL,VBLEQN,3.29,846.5
2023-08-11 13:19:57,SELL,VBLEQN,3.29,846.4
2023-08-11 13:20:04,SELL,VBLEQN,3.29,846.4
2023-08-11 13:20:12,SELL,VBLEQN,3.29,846.4
2023-08-11 13:20:19,SELL,VBLEQN,3.29,846.4
2023-08-11 13:20:29,SELL,VBLEQN,3.29,846.1
2023-08-11 13:20:39,SELL,VBLEQN,3.29,846.1
2023-08-11 13:20:46,SELL,VBLEQN,3.29,846.0
2023-08-11 13:20:54,SELL,VBLEQN,3.29,846.0
2023-08-11 13:21:02,SELL,VBLEQN,3.29,846.0
2023-08-11 13:21:10,SELL,VBLEQN,3.29,846.0
2023-08-11 13:21:16,SELL,VBLEQN,3.29,846.0
2023-08-11 13:21:23,SELL,VBLEQN,3.29,846.0
2023-08-11 13:21:30,SELL,VBLEQN,3.29,846.0
2023-08-11 13:21:36,SELL,VBLEQN,3.29,846.0
2023-08-11 13:21:44,SELL,VBLEQN,3.29,846.0
2023-08-11 13:21:52,SELL,VBLEQN,3.29,846.5
2023-08-11 13:22:08,SELL,VBLEQN,3.29,846.5
2023-08-11 13:22:18,SELL,VBLEQN,3.29,846.5
2023-08-11 13:22:26,SELL,VBLEQN,3.29,846.5
2023-08-11 13:22:34,SELL,VBLEQN,3.29,846.5
2023-08-11 13:22:41,SELL,VBLEQN,3.29,846.5
2023-08-11 13:22:50,SELL,VBLEQN,3.29,846.85
2023-08-11 13:22:58,SELL,VBLEQN,3.29,846.85
2023-08-11 13:23:04,SELL,VBLEQN,3.29,846.85
2023-08-11 13:23:13,SELL,VBLEQN,3.29,846.85
2023-08-11 13:24:35,SELL,VBLEQN,3.29,847.3
2023-08-11 13:24:41,SELL,VBLEQN,3.29,847.3
2023-08-11 13:24:47,SELL,VBLEQN,3.29,847.3
2023-08-11 13:24:58,SELL,VBLEQN,3.29,847.6
2023-08-11 13:25:04,SELL,VBLEQN,3.29,847.6
2023-08-11 13:25:11,SELL,VBLEQN,3.29,847.6
2023-08-11 13:25:23,SELL,VBLEQN,3.29,847.95
2023-08-11 13:25:31,SELL,VBLEQN,3.29,847.7
2023-08-11 13:25:43,SELL,VBLEQN,3.29,847.7
2023-08-11 13:26:14,SELL,VBLEQN,3.29,848.35
2023-08-11 13:26:30,SELL,VBLEQN,3.29,848.35
2023-08-11 13:26:38,SELL,VBLEQN,3.29,848.35
2023-08-11 13:26:44,SELL,VBLEQN,3.29,848.35
2023-08-11 13:26:50,SELL,VBLEQN,3.29,848.5
2023-08-11 13:26:59,SELL,VBLEQN,3.29,848.5
2023-08-11 13:27:05,SELL,VBLEQN,3.29,848.95
2023-08-11 13:27:11,SELL,VBLEQN,3.29,848.95
2023-08-11 13:27:43,SELL,VBLEQN,3.29,848.95
2023-08-11 13:27:52,SELL,VBLEQN,3.29,848.95
2023-08-11 13:27:59,SELL,VBLEQN,3.29,848.95
2023-08-11 13:28:12,SELL,VBLEQN,3.29,848.95
2023-08-11 13:28:23,SELL,VBLEQN,3.29,848.95
2023-08-11 13:28:37,SELL,VBLEQN,3.29,848.7
2023-08-11 13:28:44,SELL,VBLEQN,3.29,848.7
2023-08-11 13:28:59,SELL,VBLEQN,3.29,848.55
2023-08-11 13:29:18,SELL,VBLEQN,3.29,848.55
2023-08-11 13:29:26,SELL,VBLEQN,3.29,848.55
2023-08-11 13:29:35,SELL,VBLEQN,3.29,848.55
2023-08-11 13:29:46,SELL,VBLEQN,3.29,848.55
2023-08-11 13:29:53,SELL,VBLEQN,3.29,849.0
2023-08-11 13:30:00,SELL,VBLEQN,3.29,849.0
2023-08-11 13:30:07,SELL,VBLEQN,3.29,849.0
2023-08-11 13:30:14,SELL,VBLEQN,3.29,849.0
2023-08-11 13:30:31,SELL,VBLEQN,3.29,848.5
2023-08-11 13:30:42,SELL,VBLEQN,3.29,848.5
2023-08-11 13:31:03,SELL,VBLEQN,3.29,848.6
2023-08-11 13:31:12,SELL,VBLEQN,3.29,848.6
2023-08-11 13:31:21,SELL,VBLEQN,3.29,847.9
2023-08-11 13:31:29,SELL,VBLEQN,3.29,847.9
2023-08-11 13:31:42,SELL,VBLEQN,3.29,847.9
2023-08-11 13:31:52,SELL,VBLEQN,3.29,847.9
2023-08-11 13:31:58,SELL,VBLEQN,3.29,847.9
2023-08-11 13:32:04,SELL,VBLEQN,3.29,847.9
2023-08-11 13:32:15,SELL,VBLEQN,3.29,848.0
2023-08-11 13:32:25,SELL,VBLEQN,3.29,848.0
2023-08-11 13:32:32,SELL,VBLEQN,3.29,848.0
2023-08-11 13:32:45,SELL,VBLEQN,3.29,848.05
2023-08-11 13:32:52,SELL,VBLEQN,3.29,848.05
2023-08-11 13:32:59,SELL,VBLEQN,3.29,848.05
2023-08-11 13:33:10,SELL,VBLEQN,3.29,848.05
2023-08-11 13:33:33,SELL,VBLEQN,3.29,848.4
2023-08-11 13:33:43,SELL,VBLEQN,3.29,848.25
2023-08-11 13:33:51,SELL,VBLEQN,3.29,848.25
2023-08-11 13:33:58,SELL,VBLEQN,3.29,848.25
2023-08-11 13:34:07,SELL,VBLEQN,3.29,848.25
2023-08-11 13:34:13,SELL,VBLEQN,3.29,847.65
2023-08-11 13:34:24,SELL,VBLEQN,3.29,847.65
2023-08-11 13:34:32,SELL,VBLEQN,3.29,848.4
2023-08-11 13:34:41,SELL,VBLEQN,3.29,848.4
2023-08-11 13:34:53,SELL,VBLEQN,3.29,848.4
2023-08-11 13:35:18,SELL,VBLEQN,3.29,848.4
2023-08-11 13:35:30,SELL,VBLEQN,3.29,848.25
2023-08-11 13:35:38,SELL,VBLEQN,3.29,848.25
2023-08-11 13:35:46,SELL,VBLEQN,3.29,848.25
2023-08-11 13:35:55,SELL,VBLEQN,3.29,848.25
2023-08-11 13:36:08,SELL,VBLEQN,3.29,848.4
2023-08-11 13:36:15,SELL,VBLEQN,3.29,848.4
2023-08-11 13:36:29,SELL,VBLEQN,3.29,848.4
2023-08-11 13:36:41,SELL,VBLEQN,3.29,848.4
2023-08-11 13:36:49,SELL,VBLEQN,3.29,848.05
2023-08-11 13:36:57,SELL,VBLEQN,3.29,848.05
2023-08-11 13:37:05,SELL,VBLEQN,3.29,848.0
2023-08-11 13:37:18,SELL,VBLEQN,3.29,848.0
2023-08-11 13:37:24,SELL,VBLEQN,3.29,848.0
2023-08-11 13:37:37,SELL,VBLEQN,3.29,848.3
2023-08-11 13:37:54,SELL,VBLEQN,3.29,848.3
2023-08-11 13:38:05,SELL,VBLEQN,3.29,848.4
2023-08-11 13:38:15,SELL,VBLEQN,3.29,848.4
2023-08-11 13:38:24,SELL,VBLEQN,3.29,848.4
2023-08-11 13:38:37,SELL,VBLEQN,3.29,848.4
2023-08-11 13:38:46,SELL,VBLEQN,3.29,848.35
2023-08-11 13:38:53,SELL,VBLEQN,3.29,848.35
2023-08-11 13:39:01,SELL,VBLEQN,3.29,848.35
2023-08-11 13:39:11,SELL,VBLEQN,3.29,848.5
2023-08-11 13:39:19,SELL,VBLEQN,3.29,848.5
2023-08-11 13:39:27,SELL,VBLEQN,3.29,848.5
2023-08-11 13:39:37,SELL,VBLEQN,3.29,848.5
2023-08-11 13:39:45,SELL,VBLEQN,3.29,848.1
2023-08-11 13:39:58,SELL,VBLEQN,3.29,848.1
2023-08-11 13:40:08,SELL,VBLEQN,3.29,848.1
2023-08-11 13:40:57,SELL,VBLEQN,3.29,848.1
2023-08-11 13:41:06,SELL,VBLEQN,3.29,848.1
2023-08-11 13:41:18,SELL,VBLEQN,3.29,848.1
2023-08-11 13:41:25,SELL,VBLEQN,3.29,848.1
2023-08-11 13:41:32,SELL,VBLEQN,3.29,848.1
2023-08-11 13:41:41,SELL,VBLEQN,3.29,848.2
2023-08-11 13:41:48,SELL,VBLEQN,3.29,848.2
2023-08-11 13:41:55,SELL,VBLEQN,3.29,848.2
2023-08-11 13:42:03,SELL,VBLEQN,3.29,848.2
2023-08-11 13:42:18,SELL,VBLEQN,3.29,848.5
2023-08-11 13:42:35,SELL,VBLEQN,3.29,848.5
2023-08-11 13:42:46,SELL,VBLEQN,3.29,848.3
2023-08-11 13:43:05,SELL,VBLEQN,3.29,848.3
2023-08-11 13:43:14,SELL,VBLEQN,3.29,848.5
2023-08-11 13:43:25,SELL,VBLEQN,3.29,848.5
2023-08-11 13:43:32,SELL,VBLEQN,3.29,848.5
2023-08-11 13:43:40,SELL,VBLEQN,3.29,848.5
2023-08-11 13:44:03,SELL,VBLEQN,3.29,848.3
2023-08-11 13:44:09,SELL,VBLEQN,3.29,848.2
2023-08-11 13:44:15,SELL,VBLEQN,3.29,848.2
2023-08-11 13:44:22,SELL,VBLEQN,3.29,848.2
2023-08-11 13:44:34,SELL,VBLEQN,3.29,848.2
2023-08-11 13:44:40,SELL,VBLEQN,3.29,848.05
2023-08-11 13:44:46,SELL,VBLEQN,3.29,848.05
2023-08-11 13:45:01,SELL,VBLEQN,3.29,848.1
2023-08-11 13:45:09,SELL,VBLEQN,3.29,848.1
2023-08-11 13:45:30,SELL,VBLEQN,3.29,848.35
2023-08-11 13:45:37,SELL,VBLEQN,3.29,848.35
2023-08-11 13:45:44,SELL,VBLEQN,3.29,848.35
2023-08-11 13:45:50,SELL,VBLEQN,3.29,848.35
2023-08-11 13:45:57,SELL,VBLEQN,3.29,848.35
2023-08-11 13:46:04,SELL,VBLEQN,3.29,848.35
2023-08-11 13:46:10,SELL,VBLEQN,3.29,848.35
2023-08-11 13:46:17,SELL,VBLEQN,3.29,848.4
2023-08-11 13:46:23,SELL,VBLEQN,3.29,848.4
2023-08-11 13:46:43,SELL,VBLEQN,3.29,848.0
2023-08-11 13:46:49,SELL,VBLEQN,3.29,848.0
2023-08-11 13:46:56,SELL,VBLEQN,3.29,848.0
2023-08-11 13:47:02,SELL,VBLEQN,3.29,848.0
2023-08-11 13:47:12,SELL,VBLEQN,3.29,848.0
2023-08-11 13:47:18,SELL,VBLEQN,3.29,848.2
2023-08-11 13:47:24,SELL,VBLEQN,3.29,848.2
2023-08-11 13:47:30,SELL,VBLEQN,3.29,848.2
2023-08-11 13:47:37,SELL,VBLEQN,3.29,848.4
2023-08-11 13:47:44,SELL,VBLEQN,3.29,848.4
2023-08-11 13:47:51,SELL,VBLEQN,3.29,848.4
2023-08-11 13:47:57,SELL,VBLEQN,3.29,848.4
2023-08-11 13:48:03,SELL,VBLEQN,3.29,848.4
2023-08-11 13:48:09,SELL,VBLEQN,3.29,848.4
2023-08-11 13:48:15,SELL,VBLEQN,3.29,848.4
2023-08-11 13:48:22,SELL,VBLEQN,3.29,848.3
2023-08-11 13:48:29,SELL,VBLEQN,3.29,848.3
2023-08-11 13:48:36,SELL,VBLEQN,3.29,848.3
2023-08-11 13:48:42,SELL,VBLEQN,3.29,848.3
2023-08-11 13:48:48,SELL,VBLEQN,3.29,848.3
2023-08-11 13:48:55,SELL,VBLEQN,3.29,848.0
2023-08-11 13:49:01,SELL,VBLEQN,3.29,848.0
2023-08-11 13:49:08,SELL,VBLEQN,3.29,848.0
2023-08-11 13:49:15,SELL,VBLEQN,3.29,848.0
2023-08-11 13:49:22,SELL,VBLEQN,3.29,848.0
2023-08-11 13:49:28,SELL,VBLEQN,3.29,848.3
2023-08-11 13:49:34,SELL,VBLEQN,3.29,848.3
2023-08-11 13:49:40,SELL,VBLEQN,3.29,848.3
2023-08-11 13:49:46,SELL,VBLEQN,3.29,848.3
2023-08-11 13:49:53,SELL,VBLEQN,3.29,848.3
2023-08-11 13:49:58,SELL,VBLEQN,3.29,848.3
2023-08-11 13:50:05,SELL,VBLEQN,3.29,848.3
2023-08-11 13:50:12,SELL,VBLEQN,3.29,848.1
2023-08-11 13:50:18,SELL,VBLEQN,3.29,848.1
2023-08-11 13:50:24,SELL,VBLEQN,3.29,848.1
2023-08-11 13:50:31,SELL,VBLEQN,3.29,848.1
2023-08-11 13:50:40,SELL,VBLEQN,3.29,848.1
2023-08-11 13:50:48,SELL,VBLEQN,3.29,848.3
2023-08-11 13:50:55,SELL,VBLEQN,3.29,848.3
2023-08-11 13:51:03,SELL,VBLEQN,3.29,848.3
2023-08-11 13:51:10,SELL,VBLEQN,3.29,848.3
2023-08-11 13:51:17,SELL,VBLEQN,3.29,848.95
2023-08-11 13:51:23,SELL,VBLEQN,3.29,848.95
2023-08-11 13:51:30,SELL,VBLEQN,3.29,848.95
2023-08-11 13:51:37,SELL,VBLEQN,3.29,849.0
2023-08-11 13:51:45,SELL,VBLEQN,3.29,849.0
2023-08-11 13:51:51,SELL,VBLEQN,3.29,849.0
2023-08-11 13:51:57,SELL,VBLEQN,3.29,849.0
2023-08-11 13:52:03,SELL,VBLEQN,3.29,849.0
2023-08-11 13:52:09,SELL,VBLEQN,3.29,849.45
2023-08-11 13:52:16,SELL,VBLEQN,3.29,849.45
2023-08-11 13:52:22,SELL,VBLEQN,3.29,849.45
2023-08-11 13:52:29,SELL,VBLEQN,3.29,849.45
2023-08-11 13:52:35,SELL,VBLEQN,3.29,849.95
2023-08-11 13:52:41,SELL,VBLEQN,3.29,849.95
2023-08-11 13:52:46,SELL,VBLEQN,3.29,849.95
2023-08-11 13:52:53,SELL,VBLEQN,3.29,849.95
2023-08-11 13:52:59,SELL,VBLEQN,3.29,849.95
2023-08-11 13:53:05,SELL,VBLEQN,3.29,849.95
2023-08-11 13:53:11,SELL,VBLEQN,3.29,849.95
2023-08-11 13:53:17,SELL,VBLEQN,3.29,849.95
2023-08-11 13:53:24,SELL,VBLEQN,3.29,849.95
2023-08-11 13:53:31,SELL,VBLEQN,3.29,849.95
2023-08-11 13:53:39,SELL,VBLEQN,3.29,849.95
2023-08-11 13:53:45,SELL,VBLEQN,3.29,849.95
2023-08-11 13:53:52,SELL,VBLEQN,3.29,849.95
2023-08-11 13:53:57,SELL,VBLEQN,3.29,849.95
2023-08-11 13:54:03,SELL,VBLEQN,3.29,849.95
2023-08-11 13:54:10,SELL,VBLEQN,3.29,850.0
2023-08-11 13:54:19,SELL,VBLEQN,3.29,850.0
2023-08-11 13:54:26,SELL,VBLEQN,3.29,850.0
2023-08-11 13:54:32,SELL,VBLEQN,3.29,850.0
2023-08-11 13:54:39,SELL,VBLEQN,3.29,850.0
2023-08-11 13:54:45,SELL,VBLEQN,3.29,850.0
2023-08-11 13:54:52,SELL,VBLEQN,3.29,850.0
2023-08-11 13:54:59,SELL,VBLEQN,3.29,851.2
2023-08-11 13:55:05,SELL,VBLEQN,3.29,851.2
2023-08-11 13:55:11,SELL,VBLEQN,3.29,851.2
2023-08-11 13:55:17,SELL,VBLEQN,3.29,851.2
2023-08-11 13:55:24,SELL,VBLEQN,3.29,851.2
2023-08-11 13:55:31,SELL,VBLEQN,3.29,852.1
2023-08-11 13:55:37,SELL,VBLEQN,3.29,852.1
2023-08-11 13:55:43,SELL,VBLEQN,3.29,852.1
2023-08-11 13:55:50,SELL,VBLEQN,3.29,852.15
2023-08-11 13:55:57,SELL,VBLEQN,3.29,852.15
2023-08-11 13:56:03,SELL,VBLEQN,3.29,852.15
2023-08-11 13:56:09,SELL,VBLEQN,3.29,852.2
2023-08-11 13:56:14,SELL,VBLEQN,3.29,852.2
2023-08-11 13:56:21,SELL,VBLEQN,3.29,852.2
2023-08-11 13:56:33,SELL,VBLEQN,3.29,852.2
2023-08-11 13:56:41,SELL,VBLEQN,3.29,854.5
2023-08-11 13:56:47,SELL,VBLEQN,3.29,854.5
2023-08-11 13:56:52,SELL,VBLEQN,3.29,854.5
2023-08-11 13:57:05,SELL,VBLEQN,3.29,854.5
2023-08-11 13:57:15,SELL,VBLEQN,3.29,853.8
2023-08-11 13:57:21,SELL,VBLEQN,3.29,853.8
2023-08-11 13:57:28,SELL,VBLEQN,3.29,853.8
2023-08-11 13:57:39,SELL,VBLEQN,3.29,853.8
2023-08-11 13:57:47,SELL,VBLEQN,3.29,853.8
2023-08-11 13:57:53,SELL,VBLEQN,3.29,853.8
2023-08-11 13:57:59,SELL,VBLEQN,3.29,853.8
2023-08-11 13:58:06,SELL,VBLEQN,3.29,854.5
2023-08-11 13:58:12,SELL,VBLEQN,3.29,854.5
2023-08-11 13:58:20,SELL,VBLEQN,3.29,854.5
2023-08-11 13:58:26,SELL,VBLEQN,3.29,854.5
2023-08-11 13:58:32,SELL,VBLEQN,3.29,854.5
2023-08-11 13:58:42,SELL,VBLEQN,3.29,854.5
2023-08-11 13:58:49,SELL,VBLEQN,3.29,854.4
2023-08-11 13:58:55,SELL,VBLEQN,3.29,854.4
2023-08-11 13:59:01,SELL,VBLEQN,3.29,854.4
2023-08-11 13:59:09,SELL,VBLEQN,3.29,853.85
2023-08-11 13:59:15,SELL,VBLEQN,3.29,853.85
2023-08-11 13:59:23,SELL,VBLEQN,3.29,853.85
2023-08-11 13:59:29,SELL,VBLEQN,3.29,853.85
2023-08-11 13:59:36,SELL,VBLEQN,3.29,853.85
2023-08-11 13:59:42,SELL,VBLEQN,3.29,853.85
2023-08-11 13:59:48,SELL,VBLEQN,3.29,852.7
2023-08-11 13:59:54,SELL,VBLEQN,3.29,852.7
2023-08-11 14:00:00,SELL,VBLEQN,3.29,852.7
2023-08-11 14:00:07,SELL,VBLEQN,3.29,852.65
2023-08-11 14:00:14,SELL,VBLEQN,3.29,852.65
2023-08-11 14:00:20,SELL,VBLEQN,3.29,852.65
2023-08-11 14:00:29,SELL,VBLEQN,3.29,852.65
2023-08-11 14:00:36,SELL,VBLEQN,3.29,852.65
2023-08-11 14:00:43,SELL,VBLEQN,3.29,852.65
2023-08-11 14:00:52,SELL,VBLEQN,3.29,852.9
2023-08-11 14:01:17,SELL,VBLEQN,3.29,852.45
2023-08-11 14:01:27,SELL,VBLEQN,3.29,853.0
2023-08-11 14:01:36,SELL,VBLEQN,3.29,853.0
2023-08-11 14:01:43,SELL,VBLEQN,3.29,853.0
2023-08-11 14:01:49,SELL,VBLEQN,3.29,853.0
2023-08-11 14:01:56,SELL,VBLEQN,3.29,853.0
2023-08-11 14:02:03,SELL,VBLEQN,3.29,853.0
2023-08-11 14:02:10,SELL,VBLEQN,3.29,853.0
2023-08-11 14:02:17,SELL,VBLEQN,3.29,852.8
2023-08-11 14:02:24,SELL,VBLEQN,3.29,852.8
2023-08-11 14:02:30,SELL,VBLEQN,3.29,852.8
2023-08-11 14:02:36,SELL,VBLEQN,3.29,852.8
2023-08-11 14:02:42,SELL,VBLEQN,3.29,852.8
2023-08-11 14:02:49,SELL,VBLEQN,3.29,852.8
2023-08-11 14:02:55,SELL,VBLEQN,3.29,852.0
2023-08-11 14:03:01,SELL,VBLEQN,3.29,852.0
2023-08-11 14:03:07,SELL,VBLEQN,3.29,851.7
2023-08-11 14:03:13,SELL,VBLEQN,3.29,851.7
2023-08-11 14:03:19,SELL,VBLEQN,3.29,851.7
2023-08-11 14:03:28,SELL,VBLEQN,3.29,851.7
2023-08-11 14:03:34,SELL,VBLEQN,3.29,851.7
2023-08-11 14:03:40,SELL,VBLEQN,3.29,851.7
2023-08-11 14:03:47,SELL,VBLEQN,3.29,851.7
2023-08-11 14:03:53,SELL,VBLEQN,3.29,851.7
2023-08-11 14:03:59,SELL,VBLEQN,3.29,851.65
2023-08-11 14:04:06,SELL,VBLEQN,3.29,851.65
2023-08-11 14:04:12,SELL,VBLEQN,3.29,851.45
2023-08-11 14:04:18,SELL,VBLEQN,3.29,851.45
2023-08-11 14:04:25,SELL,VBLEQN,3.29,851.45
2023-08-11 14:04:32,SELL,VBLEQN,3.29,851.45
2023-08-11 14:04:39,SELL,VBLEQN,3.29,851.45
2023-08-11 14:04:45,SELL,VBLEQN,3.29,851.45
2023-08-11 14:04:52,SELL,VBLEQN,3.29,850.5
2023-08-11 14:04:58,SELL,VBLEQN,3.29,850.5
2023-08-11 14:05:04,SELL,VBLEQN,3.29,850.5
2023-08-11 14:05:10,SELL,VBLEQN,3.29,850.5
2023-08-11 14:05:17,SELL,VBLEQN,3.29,850.5
2023-08-11 14:05:23,SELL,VBLEQN,3.29,849.7
2023-08-11 14:05:29,SELL,VBLEQN,3.29,849.7
2023-08-11 14:05:35,SELL,VBLEQN,3.29,849.7
2023-08-11 14:05:41,SELL,VBLEQN,3.29,849.7
2023-08-11 14:05:47,SELL,VBLEQN,3.29,849.7
2023-08-11 14:05:53,SELL,VBLEQN,3.29,849.7
2023-08-11 14:06:00,SELL,VBLEQN,3.29,849.85
2023-08-11 14:06:06,SELL,VBLEQN,3.29,849.85
2023-08-11 14:06:12,SELL,VBLEQN,3.29,849.85
2023-08-11 14:06:19,SELL,VBLEQN,3.29,849.85
2023-08-11 14:06:25,SELL,VBLEQN,3.29,849.85
2023-08-11 14:06:32,SELL,VBLEQN,3.29,849.4
2023-08-11 14:06:39,SELL,VBLEQN,3.29,849.4
2023-08-11 14:06:45,SELL,VBLEQN,3.29,849.4
2023-08-11 14:06:51,SELL,VBLEQN,3.29,849.4
2023-08-11 14:06:58,SELL,VBLEQN,3.29,848.95
2023-08-11 14:07:05,SELL,VBLEQN,3.29,848.95
2023-08-11 14:07:11,SELL,VBLEQN,3.29,848.95
2023-08-11 14:07:17,SELL,VBLEQN,3.29,848.95
2023-08-11 14:07:23,SELL,VBLEQN,3.29,848.95
2023-08-11 14:07:30,SELL,VBLEQN,3.29,850.6
2023-08-11 14:07:39,SELL,VBLEQN,3.29,850.6
2023-08-11 14:07:45,SELL,VBLEQN,3.29,851.25
2023-08-11 14:07:51,SELL,VBLEQN,3.29,851.25
2023-08-11 14:07:57,SELL,VBLEQN,3.29,851.25
2023-08-11 14:08:04,SELL,VBLEQN,3.29,851.25
2023-08-11 14:08:10,SELL,VBLEQN,3.29,851.25
2023-08-11 14:08:16,SELL,VBLEQN,3.29,852.0
2023-08-11 14:08:22,SELL,VBLEQN,3.29,852.0
2023-08-11 14:08:28,SELL,VBLEQN,3.29,852.0
2023-08-11 14:08:36,SELL,VBLEQN,3.29,852.0
2023-08-11 14:08:42,SELL,VBLEQN,3.29,852.0
2023-08-11 14:08:55,SELL,VBLEQN,3.29,852.0
2023-08-11 14:09:01,SELL,VBLEQN,3.29,852.0
2023-08-11 14:09:08,SELL,VBLEQN,3.29,851.15
2023-08-11 14:09:14,SELL,VBLEQN,3.29,851.15
2023-08-11 14:09:22,SELL,VBLEQN,3.29,851.15
2023-08-11 14:09:28,SELL,VBLEQN,3.29,851.15
2023-08-11 14:09:33,SELL,VBLEQN,3.29,851.15
2023-08-11 14:09:40,SELL,VBLEQN,3.29,850.65
2023-08-11 14:09:46,SELL,VBLEQN,3.29,850.65
2023-08-11 14:09:53,SELL,VBLEQN,3.29,850.65
2023-08-11 14:09:59,SELL,VBLEQN,3.29,850.65
2023-08-11 14:10:05,SELL,VBLEQN,3.29,850.65
2023-08-11 14:10:11,SELL,VBLEQN,3.29,850.95
2023-08-11 14:10:19,SELL,VBLEQN,3.29,850.95
2023-08-11 14:10:27,SELL,VBLEQN,3.29,850.95
2023-08-11 14:10:33,SELL,VBLEQN,3.29,850.95
2023-08-11 14:10:39,SELL,VBLEQN,3.29,851.75
2023-08-11 14:10:45,SELL,VBLEQN,3.29,851.75
2023-08-11 14:10:58,SELL,VBLEQN,3.29,851.75
2023-08-11 14:11:05,SELL,VBLEQN,3.29,851.75
2023-08-11 14:11:11,SELL,VBLEQN,3.29,851.75
2023-08-11 14:11:17,SELL,VBLEQN,3.29,851.75
2023-08-11 14:11:24,SELL,VBLEQN,3.29,851.75
2023-08-11 14:11:30,SELL,VBLEQN,3.29,851.75
2023-08-11 14:11:36,SELL,VBLEQN,3.29,851.75
2023-08-11 14:11:43,SELL,VBLEQN,3.29,851.65
2023-08-11 14:11:49,SELL,VBLEQN,3.29,851.65
2023-08-11 14:11:56,SELL,VBLEQN,3.29,851.65
2023-08-11 14:12:04,SELL,VBLEQN,3.29,851.65
2023-08-11 14:12:11,SELL,VBLEQN,3.29,851.45
2023-08-11 14:12:16,SELL,VBLEQN,3.29,851.45
2023-08-11 14:12:22,SELL,VBLEQN,3.29,851.45
2023-08-11 14:12:28,SELL,VBLEQN,3.29,851.45
2023-08-11 14:12:35,SELL,VBLEQN,3.29,851.45
2023-08-11 14:12:42,SELL,VBLEQN,3.29,851.2
2023-08-11 14:12:48,SELL,VBLEQN,3.29,851.2
2023-08-11 14:12:54,SELL,VBLEQN,3.29,851.2
2023-08-11 14:13:00,SELL,VBLEQN,3.29,851.2
2023-08-11 14:13:07,SELL,VBLEQN,3.29,851.2
2023-08-11 14:13:14,SELL,VBLEQN,3.29,851.85
2023-08-11 14:13:20,SELL,VBLEQN,3.29,851.85
2023-08-11 14:13:27,SELL,VBLEQN,3.29,851.5
2023-08-11 14:13:33,SELL,VBLEQN,3.29,851.5
2023-08-11 14:13:40,SELL,VBLEQN,3.29,851.5
2023-08-11 14:13:47,SELL,VBLEQN,3.29,851.5
2023-08-11 14:13:53,SELL,VBLEQN,3.29,851.5
2023-08-11 14:13:59,SELL,VBLEQN,3.29,851.5
2023-08-11 14:14:05,SELL,VBLEQN,3.29,851.5
2023-08-11 14:14:14,SELL,VBLEQN,3.29,851.3
2023-08-11 14:14:20,SELL,VBLEQN,3.29,851.3
2023-08-11 14:14:26,SELL,VBLEQN,3.29,851.3
2023-08-11 14:14:37,SELL,VBLEQN,3.29,851.2
2023-08-11 14:14:43,SELL,VBLEQN,3.29,851.2
2023-08-11 14:14:49,SELL,VBLEQN,3.29,851.2
2023-08-11 14:14:55,SELL,VBLEQN,3.29,851.2
2023-08-11 14:15:02,SELL,VBLEQN,3.29,851.2
2023-08-11 14:15:08,SELL,VBLEQN,3.29,851.2
2023-08-11 14:15:14,SELL,VBLEQN,3.29,851.2
2023-08-11 14:15:22,SELL,VBLEQN,3.29,851.95
2023-08-11 14:15:28,SELL,VBLEQN,3.29,851.95
2023-08-11 14:15:34,SELL,VBLEQN,3.29,851.95
2023-08-11 14:15:41,SELL,VBLEQN,3.29,851.95
2023-08-11 14:15:47,SELL,VBLEQN,3.29,851.95
2023-08-11 14:15:54,SELL,VBLEQN,3.29,851.95
2023-08-11 14:16:00,SELL,VBLEQN,3.29,851.65
2023-08-11 14:16:07,SELL,VBLEQN,3.29,851.65
2023-08-11 14:16:15,SELL,VBLEQN,3.29,852.3
2023-08-11 14:16:21,SELL,VBLEQN,3.29,852.3
2023-08-11 14:16:27,SELL,VBLEQN,3.29,852.3
2023-08-11 14:16:40,SELL,VBLEQN,3.29,852.1
2023-08-11 14:16:46,SELL,VBLEQN,3.29,852.1
2023-08-11 14:16:52,SELL,VBLEQN,3.29,852.1
2023-08-11 14:16:59,SELL,VBLEQN,3.29,852.1
2023-08-11 14:17:06,SELL,VBLEQN,3.29,852.1
2023-08-11 14:17:13,SELL,VBLEQN,3.29,852.1
2023-08-11 14:17:19,SELL,VBLEQN,3.29,852.1
2023-08-11 14:17:26,SELL,VBLEQN,3.29,852.1
2023-08-11 14:17:32,SELL,VBLEQN,3.29,852.5
2023-08-11 14:17:38,SELL,VBLEQN,3.29,852.5
2023-08-11 14:17:45,SELL,VBLEQN,3.29,853.6
2023-08-11 14:17:51,SELL,VBLEQN,3.29,853.6
2023-08-11 14:17:57,SELL,VBLEQN,3.29,853.6
2023-08-11 14:18:04,SELL,VBLEQN,3.29,853.35
2023-08-11 14:18:11,SELL,VBLEQN,3.29,853.35
2023-08-11 14:18:17,SELL,VBLEQN,3.29,853.35
2023-08-11 14:18:22,SELL,VBLEQN,3.29,853.35
2023-08-11 14:18:30,SELL,VBLEQN,3.29,853.35
2023-08-11 14:18:36,SELL,VBLEQN,3.29,853.35
2023-08-11 14:18:43,SELL,VBLEQN,3.29,853.35
2023-08-11 14:18:50,SELL,VBLEQN,3.29,853.5
2023-08-11 14:18:57,SELL,VBLEQN,3.29,852.7
2023-08-11 14:19:06,SELL,VBLEQN,3.29,852.7
2023-08-11 14:19:15,SELL,VBLEQN,3.29,852.7
2023-08-11 14:19:21,SELL,VBLEQN,3.29,852.7
2023-08-11 14:19:27,SELL,VBLEQN,3.29,852.7
2023-08-11 14:19:36,SELL,VBLEQN,3.29,852.7
2023-08-11 14:19:42,SELL,VBLEQN,3.29,851.35
2023-08-11 14:19:51,SELL,VBLEQN,3.29,851.35
2023-08-11 14:19:57,SELL,VBLEQN,3.29,852.1
2023-08-11 14:20:09,SELL,VBLEQN,3.29,852.1
2023-08-11 14:20:15,SELL,VBLEQN,3.29,852.1
2023-08-11 14:20:22,SELL,VBLEQN,3.29,852.1
2023-08-11 14:20:28,SELL,VBLEQN,3.29,852.1
2023-08-11 14:20:35,SELL,VBLEQN,3.29,852.1
2023-08-11 14:20:41,SELL,VBLEQN,3.29,852.1
2023-08-11 14:20:48,SELL,VBLEQN,3.29,851.95
2023-08-11 14:20:54,SELL,VBLEQN,3.29,851.95
2023-08-11 14:21:00,SELL,VBLEQN,3.29,851.95
2023-08-11 14:21:07,SELL,VBLEQN,3.29,851.95
2023-08-11 14:21:14,SELL,VBLEQN,3.29,851.95
2023-08-11 14:21:20,SELL,VBLEQN,3.29,852.35
2023-08-11 14:21:26,SELL,VBLEQN,3.29,852.35
2023-08-11 14:21:33,SELL,VBLEQN,3.29,852.1
2023-08-11 14:21:39,SELL,VBLEQN,3.29,852.1
2023-08-11 14:21:49,SELL,VBLEQN,3.29,852.1
2023-08-11 14:21:56,SELL,VBLEQN,3.29,852.1
2023-08-11 14:22:04,SELL,VBLEQN,3.29,852.0
2023-08-11 14:22:11,SELL,VBLEQN,3.29,852.0
2023-08-11 14:22:17,SELL,VBLEQN,3.29,852.0
2023-08-11 14:22:23,SELL,VBLEQN,3.29,852.0
2023-08-11 14:22:30,SELL,VBLEQN,3.29,852.0
2023-08-11 14:22:36,SELL,VBLEQN,3.29,852.0
2023-08-11 14:22:42,SELL,VBLEQN,3.29,852.0
2023-08-11 14:22:49,SELL,VBLEQN,3.29,851.6
2023-08-11 14:22:55,SELL,VBLEQN,3.29,851.6
2023-08-11 14:23:01,SELL,VBLEQN,3.29,851.6
2023-08-11 14:23:07,SELL,VBLEQN,3.29,851.6
2023-08-11 14:23:13,SELL,VBLEQN,3.29,851.6
2023-08-11 14:23:19,SELL,VBLEQN,3.29,853.0
2023-08-11 14:23:25,SELL,VBLEQN,3.29,853.0
2023-08-11 14:23:33,SELL,VBLEQN,3.29,853.45
2023-08-11 14:23:39,SELL,VBLEQN,3.29,853.45
2023-08-11 14:23:46,SELL,VBLEQN,3.29,853.45
2023-08-11 14:23:52,SELL,VBLEQN,3.29,853.45
2023-08-11 14:23:58,SELL,VBLEQN,3.29,853.45
2023-08-11 14:24:05,SELL,VBLEQN,3.29,853.25
2023-08-11 14:24:12,SELL,VBLEQN,3.29,853.25
2023-08-11 14:24:18,SELL,VBLEQN,3.29,853.25
2023-08-11 14:24:29,SELL,VBLEQN,3.29,853.25
2023-08-11 14:24:35,SELL,VBLEQN,3.29,853.25
2023-08-11 14:24:41,SELL,VBLEQN,3.29,853.25
2023-08-11 14:24:47,SELL,VBLEQN,3.29,853.25
2023-08-11 14:24:53,SELL,VBLEQN,3.29,853.4
2023-08-11 14:25:00,SELL,VBLEQN,3.29,853.4
2023-08-11 14:25:06,SELL,VBLEQN,3.29,853.4
2023-08-11 14:25:12,SELL,VBLEQN,3.29,853.45
2023-08-11 14:25:18,SELL,VBLEQN,3.29,853.45
2023-08-11 14:25:24,SELL,VBLEQN,3.29,853.45
2023-08-11 14:25:30,SELL,VBLEQN,3.29,853.45
2023-08-11 14:25:41,SELL,VBLEQN,3.29,853.45
2023-08-11 14:25:48,SELL,VBLEQN,3.29,853.45
2023-08-11 14:25:54,SELL,VBLEQN,3.29,853.5
2023-08-11 14:26:00,SELL,VBLEQN,3.29,853.5
2023-08-11 14:26:07,SELL,VBLEQN,3.29,853.5
2023-08-11 14:26:13,SELL,VBLEQN,3.29,853.0
2023-08-11 14:26:21,SELL,VBLEQN,3.29,853.0
2023-08-11 14:26:27,SELL,VBLEQN,3.29,853.0
2023-08-11 14:26:33,SELL,VBLEQN,3.29,853.0
2023-08-11 14:26:40,SELL,VBLEQN,3.29,851.9
2023-08-11 14:26:46,SELL,VBLEQN,3.29,851.9
2023-08-11 14:26:53,SELL,VBLEQN,3.29,851.9
2023-08-11 14:26:59,SELL,VBLEQN,3.29,851.9
2023-08-11 14:27:06,SELL,VBLEQN,3.29,851.9
2023-08-11 14:27:12,BUY,BHARATFORGEQN,3.05,3.05
2023-08-11 14:27:13,SELL,VBLEQN,3.29,851.55
2023-08-11 14:27:13,SELL,BHARATFORGEQN,3.05,979.45
2023-08-11 14:27:21,SELL,VBLEQN,3.29,851.55
2023-08-11 14:27:21,SELL,BHARATFORGEQN,3.05,979.45
2023-08-11 14:27:29,SELL,VBLEQN,3.29,851.75
2023-08-11 14:27:29,SELL,BHARATFORGEQN,3.05,982.05
2023-08-11 14:27:37,SELL,VBLEQN,3.29,851.75
2023-08-11 14:27:37,SELL,BHARATFORGEQN,3.05,982.05
2023-08-11 14:27:45,SELL,VBLEQN,3.29,851.75
2023-08-11 14:27:45,SELL,BHARATFORGEQN,3.05,982.05
2023-08-11 14:27:53,SELL,VBLEQN,3.29,851.75
2023-08-11 14:27:53,SELL,BHARATFORGEQN,3.05,982.05
2023-08-11 14:28:02,SELL,VBLEQN,3.29,851.65
2023-08-11 14:28:02,SELL,BHARATFORGEQN,3.05,982.65
2023-08-11 14:28:10,SELL,VBLEQN,3.29,851.65
2023-08-11 14:28:10,SELL,BHARATFORGEQN,3.05,982.65
2023-08-11 14:28:19,SELL,VBLEQN,3.29,851.65
2023-08-11 14:28:19,SELL,BHARATFORGEQN,3.05,982.65
2023-08-11 14:28:29,SELL,VBLEQN,3.29,851.65
2023-08-11 14:28:29,SELL,BHARATFORGEQN,3.05,982.65
2023-08-11 14:28:37,SELL,VBLEQN,3.29,851.35
2023-08-11 14:28:37,SELL,BHARATFORGEQN,3.05,981.95
2023-08-11 14:28:45,SELL,VBLEQN,3.29,851.35
2023-08-11 14:28:45,SELL,BHARATFORGEQN,3.05,981.95
2023-08-11 14:28:54,SELL,VBLEQN,3.29,851.5
2023-08-11 14:28:54,SELL,BHARATFORGEQN,3.05,981.0
2023-08-11 14:29:02,SELL,VBLEQN,3.29,851.5
2023-08-11 14:29:02,SELL,BHARATFORGEQN,3.05,981.0
2023-08-11 14:29:11,SELL,VBLEQN,3.29,851.5
2023-08-11 14:29:11,SELL,BHARATFORGEQN,3.05,981.0
2023-08-11 14:29:19,SELL,VBLEQN,3.29,851.5
2023-08-11 14:29:19,SELL,BHARATFORGEQN,3.05,981.0
2023-08-11 14:29:28,SELL,VBLEQN,3.29,852.0
2023-08-11 14:29:28,SELL,BHARATFORGEQN,3.05,981.5
2023-08-11 14:29:35,SELL,VBLEQN,3.29,852.0
2023-08-11 14:29:35,SELL,BHARATFORGEQN,3.05,981.5
2023-08-11 14:29:43,SELL,VBLEQN,3.29,852.0
2023-08-11 14:29:43,SELL,BHARATFORGEQN,3.05,981.5
2023-08-11 14:29:52,SELL,VBLEQN,3.29,852.0
2023-08-11 14:29:52,SELL,BHARATFORGEQN,3.05,981.5
2023-08-11 14:30:00,SELL,VBLEQN,3.29,851.7
2023-08-11 14:30:00,SELL,BHARATFORGEQN,3.05,981.35
2023-08-11 14:30:07,SELL,VBLEQN,3.29,851.7
2023-08-11 14:30:07,SELL,BHARATFORGEQN,3.05,981.35
2023-08-11 14:30:17,SELL,VBLEQN,3.29,851.7
2023-08-11 14:30:17,SELL,BHARATFORGEQN,3.05,981.35
2023-08-11 14:30:24,SELL,VBLEQN,3.29,851.7
2023-08-11 14:30:24,SELL,BHARATFORGEQN,3.05,981.35
2023-08-11 14:30:33,SELL,VBLEQN,3.29,852.0
2023-08-11 14:30:33,SELL,BHARATFORGEQN,3.05,980.7
2023-08-11 14:30:41,SELL,VBLEQN,3.29,852.0
2023-08-11 14:30:41,SELL,BHARATFORGEQN,3.05,980.7
2023-08-11 14:30:49,SELL,VBLEQN,3.29,852.0
2023-08-11 14:30:49,SELL,BHARATFORGEQN,3.05,980.7
2023-08-11 14:30:58,SELL,VBLEQN,3.29,852.0
2023-08-11 14:30:58,SELL,BHARATFORGEQN,3.05,980.7
2023-08-11 14:31:13,SELL,VBLEQN,3.29,852.0
2023-08-11 14:31:13,SELL,BHARATFORGEQN,3.05,980.55
2023-08-11 14:31:22,SELL,VBLEQN,3.29,852.0
2023-08-11 14:31:22,SELL,BHARATFORGEQN,3.05,980.55
2023-08-11 14:31:30,SELL,VBLEQN,3.29,852.25
2023-08-11 14:31:30,SELL,BHARATFORGEQN,3.05,980.55
2023-08-11 14:31:38,SELL,VBLEQN,3.29,852.05
2023-08-11 14:31:38,SELL,BHARATFORGEQN,3.05,980.15
2023-08-11 14:31:45,SELL,VBLEQN,3.29,852.05
2023-08-11 14:31:45,SELL,BHARATFORGEQN,3.05,980.15
2023-08-11 14:31:53,SELL,VBLEQN,3.29,852.05
2023-08-11 14:31:53,SELL,BHARATFORGEQN,3.05,979.0
2023-08-11 14:32:01,SELL,VBLEQN,3.29,852.05
2023-08-11 14:32:01,SELL,BHARATFORGEQN,3.05,979.0
2023-08-11 14:32:09,SELL,VBLEQN,3.29,852.05
2023-08-11 14:32:09,SELL,BHARATFORGEQN,3.05,979.0
2023-08-11 14:32:17,SELL,VBLEQN,3.29,852.05
2023-08-11 14:32:17,SELL,BHARATFORGEQN,3.05,979.0
2023-08-11 14:32:24,SELL,VBLEQN,3.29,852.05
2023-08-11 14:32:24,SELL,BHARATFORGEQN,3.05,979.0
2023-08-11 14:32:32,SELL,VBLEQN,3.29,852.05
2023-08-11 14:32:32,SELL,BHARATFORGEQN,3.05,979.0
2023-08-11 14:32:41,SELL,VBLEQN,3.29,851.95
2023-08-11 14:32:41,SELL,BHARATFORGEQN,3.05,978.8
2023-08-11 14:32:49,SELL,VBLEQN,3.29,851.95
2023-08-11 14:32:49,SELL,BHARATFORGEQN,3.05,978.8
2023-08-11 14:32:58,SELL,VBLEQN,3.29,851.95
2023-08-11 14:32:58,SELL,BHARATFORGEQN,3.05,978.1
2023-08-11 14:33:05,SELL,VBLEQN,3.29,851.95
2023-08-11 14:33:05,SELL,BHARATFORGEQN,3.05,978.1
2023-08-11 14:33:13,SELL,VBLEQN,3.29,852.45
2023-08-11 14:33:13,SELL,BHARATFORGEQN,3.05,978.1
2023-08-11 14:33:21,SELL,VBLEQN,3.29,852.45
2023-08-11 14:33:21,SELL,BHARATFORGEQN,3.05,978.1
2023-08-11 14:33:29,SELL,VBLEQN,3.29,851.95
2023-08-11 14:33:29,SELL,BHARATFORGEQN,3.05,978.55
2023-08-11 14:33:37,SELL,VBLEQN,3.29,851.95
2023-08-11 14:33:37,SELL,BHARATFORGEQN,3.05,978.55
2023-08-11 14:33:47,SELL,VBLEQN,3.29,851.95
2023-08-11 14:33:47,SELL,BHARATFORGEQN,3.05,978.55
2023-08-11 14:33:54,SELL,VBLEQN,3.29,851.95
2023-08-11 14:33:54,SELL,BHARATFORGEQN,3.05,978.55
2023-08-11 14:34:04,SELL,VBLEQN,3.29,852.4
2023-08-11 14:34:04,SELL,BHARATFORGEQN,3.05,978.95
2023-08-11 14:34:12,SELL,VBLEQN,3.29,852.4
2023-08-11 14:34:12,SELL,BHARATFORGEQN,3.05,978.95
2023-08-11 14:34:20,SELL,VBLEQN,3.29,852.4
2023-08-11 14:34:20,SELL,BHARATFORGEQN,3.05,978.95
2023-08-11 14:34:27,SELL,VBLEQN,3.29,852.4
2023-08-11 14:34:27,SELL,BHARATFORGEQN,3.05,978.95
2023-08-11 14:34:36,SELL,VBLEQN,3.29,852.4
2023-08-11 14:34:36,SELL,BHARATFORGEQN,3.05,978.0
2023-08-11 14:34:43,SELL,VBLEQN,3.29,852.4
2023-08-11 14:34:43,SELL,BHARATFORGEQN,3.05,978.0
2023-08-11 14:34:51,SELL,VBLEQN,3.29,852.05
2023-08-11 14:34:51,SELL,BHARATFORGEQN,3.05,979.3
2023-08-11 14:34:58,SELL,VBLEQN,3.29,852.05
2023-08-11 14:34:58,SELL,BHARATFORGEQN,3.05,979.3
2023-08-11 14:35:06,SELL,VBLEQN,3.29,852.05
2023-08-11 14:35:06,SELL,BHARATFORGEQN,3.05,979.3
2023-08-11 14:35:14,SELL,VBLEQN,3.29,852.05
2023-08-11 14:35:14,SELL,BHARATFORGEQN,3.05,979.3
2023-08-11 14:35:23,SELL,VBLEQN,3.29,852.05
2023-08-11 14:35:23,SELL,BHARATFORGEQN,3.05,979.3
2023-08-11 14:35:30,SELL,VBLEQN,3.29,852.05
2023-08-11 14:35:30,SELL,BHARATFORGEQN,3.05,979.3
2023-08-11 14:35:40,SELL,VBLEQN,3.29,852.05
2023-08-11 14:35:40,SELL,BHARATFORGEQN,3.05,979.3
2023-08-11 14:35:47,SELL,VBLEQN,3.29,852.05
2023-08-11 14:35:47,SELL,BHARATFORGEQN,3.05,979.3
2023-08-11 14:35:55,SELL,VBLEQN,3.29,852.05
2023-08-11 14:35:55,SELL,BHARATFORGEQN,3.05,979.3
2023-08-11 14:36:02,SELL,VBLEQN,3.29,852.05
2023-08-11 14:36:02,SELL,BHARATFORGEQN,3.05,979.3
2023-08-11 14:36:15,SELL,VBLEQN,3.29,853.45
2023-08-11 14:36:15,SELL,BHARATFORGEQN,3.05,979.35
2023-08-11 14:36:23,SELL,VBLEQN,3.29,853.45
2023-08-11 14:36:23,SELL,BHARATFORGEQN,3.05,979.35
2023-08-11 14:36:32,SELL,VBLEQN,3.29,854.15
2023-08-11 14:36:32,SELL,BHARATFORGEQN,3.05,979.85
2023-08-11 14:36:50,SELL,VBLEQN,3.29,854.05
2023-08-11 14:36:50,SELL,BHARATFORGEQN,3.05,979.8
2023-08-11 14:36:58,SELL,VBLEQN,3.29,854.05
2023-08-11 14:36:58,SELL,BHARATFORGEQN,3.05,979.8
2023-08-11 14:37:10,SELL,VBLEQN,3.29,854.05
2023-08-11 14:37:10,SELL,BHARATFORGEQN,3.05,979.8
2023-08-11 14:37:18,SELL,VBLEQN,3.29,854.05
2023-08-11 14:37:18,SELL,BHARATFORGEQN,3.05,979.8
2023-08-11 14:37:26,SELL,VBLEQN,3.29,854.4
2023-08-11 14:37:26,SELL,BHARATFORGEQN,3.05,979.4
2023-08-11 14:37:35,SELL,VBLEQN,3.29,854.4
2023-08-11 14:37:35,SELL,BHARATFORGEQN,3.05,979.4
2023-08-11 14:37:42,SELL,VBLEQN,3.29,854.1
2023-08-11 14:37:42,SELL,BHARATFORGEQN,3.05,979.05
2023-08-11 14:37:50,SELL,VBLEQN,3.29,854.1
2023-08-11 14:37:50,SELL,BHARATFORGEQN,3.05,979.05
2023-08-11 14:37:58,SELL,VBLEQN,3.29,854.75
2023-08-11 14:37:58,SELL,BHARATFORGEQN,3.05,979.7
2023-08-11 14:38:05,SELL,VBLEQN,3.29,854.75
2023-08-11 14:38:05,SELL,BHARATFORGEQN,3.05,979.7
2023-08-11 14:38:13,SELL,VBLEQN,3.29,854.75
2023-08-11 14:38:13,SELL,BHARATFORGEQN,3.05,979.7
2023-08-11 14:38:20,SELL,VBLEQN,3.29,854.75
2023-08-11 14:38:20,SELL,BHARATFORGEQN,3.05,979.7
2023-08-11 14:38:29,SELL,VBLEQN,3.29,854.75
2023-08-11 14:38:29,SELL,BHARATFORGEQN,3.05,979.7
2023-08-11 14:38:37,SELL,VBLEQN,3.29,854.75
2023-08-11 14:38:37,SELL,BHARATFORGEQN,3.05,979.7
2023-08-11 14:38:45,SELL,VBLEQN,3.29,854.8
2023-08-11 14:38:45,SELL,BHARATFORGEQN,3.05,979.05
2023-08-11 14:38:53,SELL,VBLEQN,3.29,854.8
2023-08-11 14:38:53,SELL,BHARATFORGEQN,3.05,979.05
2023-08-11 14:39:01,SELL,VBLEQN,3.29,854.9
2023-08-11 14:39:01,SELL,BHARATFORGEQN,3.05,978.15
2023-08-11 14:39:09,SELL,VBLEQN,3.29,854.9
2023-08-11 14:39:09,SELL,BHARATFORGEQN,3.05,978.15
2023-08-11 14:39:17,SELL,VBLEQN,3.29,854.9
2023-08-11 14:39:17,SELL,BHARATFORGEQN,3.05,978.15
2023-08-11 14:39:25,SELL,VBLEQN,3.29,854.9
2023-08-11 14:39:25,SELL,BHARATFORGEQN,3.05,978.15
2023-08-11 14:39:39,SELL,VBLEQN,3.29,854.9
2023-08-11 14:39:39,SELL,BHARATFORGEQN,3.05,977.9
2023-08-11 14:39:46,SELL,VBLEQN,3.29,854.9
2023-08-11 14:39:46,SELL,BHARATFORGEQN,3.05,977.9
2023-08-11 14:39:55,SELL,VBLEQN,3.29,854.9
2023-08-11 14:39:55,SELL,BHARATFORGEQN,3.05,977.9
2023-08-11 14:40:03,SELL,VBLEQN,3.29,854.85
2023-08-11 14:40:03,SELL,BHARATFORGEQN,3.05,977.9
2023-08-11 14:40:10,SELL,VBLEQN,3.29,854.85
2023-08-11 14:40:10,SELL,BHARATFORGEQN,3.05,977.9
2023-08-11 14:40:18,SELL,VBLEQN,3.29,853.55
2023-08-11 14:40:18,SELL,BHARATFORGEQN,3.05,977.8
2023-08-11 14:40:26,SELL,VBLEQN,3.29,853.55
2023-08-11 14:40:26,SELL,BHARATFORGEQN,3.05,977.8
2023-08-11 14:40:33,SELL,VBLEQN,3.29,853.55
2023-08-11 14:40:33,SELL,BHARATFORGEQN,3.05,977.8
2023-08-11 14:40:41,SELL,VBLEQN,3.29,853.55
2023-08-11 14:40:41,SELL,BHARATFORGEQN,3.05,977.8
2023-08-11 14:40:50,SELL,VBLEQN,3.29,854.0
2023-08-11 14:40:50,SELL,BHARATFORGEQN,3.05,977.15
2023-08-11 14:40:57,SELL,VBLEQN,3.29,854.0
2023-08-11 14:40:57,SELL,BHARATFORGEQN,3.05,977.15
2023-08-11 14:41:05,SELL,VBLEQN,3.29,853.9
2023-08-11 14:41:05,SELL,BHARATFORGEQN,3.05,975.95
2023-08-11 14:41:13,SELL,VBLEQN,3.29,853.9
2023-08-11 14:41:13,SELL,BHARATFORGEQN,3.05,975.95
2023-08-11 14:41:22,SELL,VBLEQN,3.29,853.9
2023-08-11 14:41:22,SELL,BHARATFORGEQN,3.05,975.95
2023-08-11 14:41:30,SELL,VBLEQN,3.29,853.9
2023-08-11 14:41:30,SELL,BHARATFORGEQN,3.05,975.95
2023-08-11 14:41:39,SELL,VBLEQN,3.29,852.55
2023-08-11 14:41:39,SELL,BHARATFORGEQN,3.05,975.35
2023-08-11 14:41:46,SELL,VBLEQN,3.29,852.55
2023-08-11 14:41:46,SELL,BHARATFORGEQN,3.05,975.35
2023-08-11 14:42:01,SELL,VBLEQN,3.29,851.75
2023-08-11 14:42:01,SELL,BHARATFORGEQN,3.05,975.9
2023-08-11 14:42:09,SELL,VBLEQN,3.29,851.75
2023-08-11 14:42:09,SELL,BHARATFORGEQN,3.05,975.9
2023-08-11 14:42:23,SELL,VBLEQN,3.29,851.75
2023-08-11 14:42:23,SELL,BHARATFORGEQN,3.05,975.9
2023-08-11 14:42:31,SELL,VBLEQN,3.29,851.75
2023-08-11 14:42:31,SELL,BHARATFORGEQN,3.05,975.9
2023-08-11 14:42:40,SELL,VBLEQN,3.29,851.75
2023-08-11 14:42:40,SELL,BHARATFORGEQN,3.05,975.9
2023-08-11 14:42:47,SELL,VBLEQN,3.29,851.75
2023-08-11 14:42:47,SELL,BHARATFORGEQN,3.05,975.9
2023-08-11 14:42:57,SELL,VBLEQN,3.29,852.5
2023-08-11 14:42:57,SELL,BHARATFORGEQN,3.05,975.3
2023-08-11 14:43:04,SELL,VBLEQN,3.29,852.5
2023-08-11 14:43:04,SELL,BHARATFORGEQN,3.05,975.3
2023-08-11 14:43:17,SELL,VBLEQN,3.29,851.9
2023-08-11 14:43:17,SELL,BHARATFORGEQN,3.05,975.3
2023-08-11 14:43:24,SELL,VBLEQN,3.29,851.9
2023-08-11 14:43:24,SELL,BHARATFORGEQN,3.05,975.3
2023-08-11 14:43:32,SELL,VBLEQN,3.29,852.4
2023-08-11 14:43:32,SELL,BHARATFORGEQN,3.05,976.25
2023-08-11 14:43:40,SELL,VBLEQN,3.29,852.4
2023-08-11 14:43:40,SELL,BHARATFORGEQN,3.05,976.25
2023-08-11 14:43:49,SELL,VBLEQN,3.29,852.4
2023-08-11 14:43:49,SELL,BHARATFORGEQN,3.05,976.25
2023-08-11 14:43:57,SELL,VBLEQN,3.29,852.4
2023-08-11 14:43:57,SELL,BHARATFORGEQN,3.05,976.25
2023-08-11 14:44:04,SELL,VBLEQN,3.29,852.2
2023-08-11 14:44:04,SELL,BHARATFORGEQN,3.05,976.2
2023-08-11 14:44:15,SELL,VBLEQN,3.29,852.2
2023-08-11 14:44:15,SELL,BHARATFORGEQN,3.05,976.2
2023-08-11 14:44:23,SELL,VBLEQN,3.29,852.2
2023-08-11 14:44:23,SELL,BHARATFORGEQN,3.05,976.2
2023-08-11 14:44:30,SELL,VBLEQN,3.29,852.2
2023-08-11 14:44:30,SELL,BHARATFORGEQN,3.05,976.2
2023-08-11 14:44:38,SELL,VBLEQN,3.29,851.95
2023-08-11 14:44:38,SELL,BHARATFORGEQN,3.05,976.0
2023-08-11 14:44:45,SELL,VBLEQN,3.29,851.95
2023-08-11 14:44:45,SELL,BHARATFORGEQN,3.05,976.0
2023-08-11 14:44:53,SELL,VBLEQN,3.29,851.95
2023-08-11 14:44:53,SELL,BHARATFORGEQN,3.05,976.0
2023-08-11 14:45:00,SELL,VBLEQN,3.29,851.95
2023-08-11 14:45:00,SELL,BHARATFORGEQN,3.05,976.0
2023-08-11 14:45:07,SELL,VBLEQN,3.29,851.95
2023-08-11 14:45:07,SELL,BHARATFORGEQN,3.05,976.0
2023-08-11 14:45:15,SELL,VBLEQN,3.29,851.95
2023-08-11 14:45:15,SELL,BHARATFORGEQN,3.05,976.0
2023-08-11 14:45:23,SELL,VBLEQN,3.29,852.0
2023-08-11 14:45:23,SELL,BHARATFORGEQN,3.05,975.8
2023-08-11 14:45:30,SELL,VBLEQN,3.29,852.0
2023-08-11 14:45:30,SELL,BHARATFORGEQN,3.05,975.8
2023-08-11 14:45:38,SELL,VBLEQN,3.29,852.0
2023-08-11 14:45:38,SELL,BHARATFORGEQN,3.05,975.8
2023-08-11 14:45:49,SELL,VBLEQN,3.29,852.0
2023-08-11 14:45:49,SELL,BHARATFORGEQN,3.05,975.8
2023-08-11 14:45:56,SELL,VBLEQN,3.29,851.95
2023-08-11 14:45:56,SELL,BHARATFORGEQN,3.05,976.05
2023-08-11 14:46:03,SELL,VBLEQN,3.29,851.95
2023-08-11 14:46:03,SELL,BHARATFORGEQN,3.05,976.05
2023-08-11 14:46:12,SELL,VBLEQN,3.29,852.05
2023-08-11 14:46:12,SELL,BHARATFORGEQN,3.05,976.05
2023-08-11 14:46:20,SELL,VBLEQN,3.29,852.05
2023-08-11 14:46:20,SELL,BHARATFORGEQN,3.05,976.05
2023-08-11 14:46:28,SELL,VBLEQN,3.29,852.05
2023-08-11 14:46:28,SELL,BHARATFORGEQN,3.05,976.05
2023-08-11 14:46:35,SELL,VBLEQN,3.29,852.05
2023-08-11 14:46:35,SELL,BHARATFORGEQN,3.05,976.05
2023-08-11 14:46:42,SELL,VBLEQN,3.29,852.05
2023-08-11 14:46:42,SELL,BHARATFORGEQN,3.05,976.05
2023-08-11 14:46:51,SELL,VBLEQN,3.29,852.05
2023-08-11 14:46:51,SELL,BHARATFORGEQN,3.05,976.05
2023-08-11 14:46:59,SELL,VBLEQN,3.29,852.35
2023-08-11 14:46:59,SELL,BHARATFORGEQN,3.05,976.4
2023-08-11 14:47:07,SELL,VBLEQN,3.29,852.35
2023-08-11 14:47:07,SELL,BHARATFORGEQN,3.05,976.4
2023-08-11 14:47:15,SELL,VBLEQN,3.29,852.35
2023-08-11 14:47:15,SELL,BHARATFORGEQN,3.05,977.6
2023-08-11 14:47:24,SELL,VBLEQN,3.29,852.35
2023-08-11 14:47:24,SELL,BHARATFORGEQN,3.05,977.6
2023-08-11 14:47:32,SELL,VBLEQN,3.29,852.5
2023-08-11 14:47:32,SELL,BHARATFORGEQN,3.05,977.6
2023-08-11 14:47:39,SELL,VBLEQN,3.29,852.5
2023-08-11 14:47:39,SELL,BHARATFORGEQN,3.05,977.6
2023-08-11 14:47:47,SELL,VBLEQN,3.29,853.0
2023-08-11 14:47:47,SELL,BHARATFORGEQN,3.05,977.25
2023-08-11 14:47:54,SELL,VBLEQN,3.29,853.0
2023-08-11 14:47:54,SELL,BHARATFORGEQN,3.05,977.25
2023-08-11 14:48:01,SELL,VBLEQN,3.29,853.0
2023-08-11 14:48:01,SELL,BHARATFORGEQN,3.05,977.25
2023-08-11 14:48:08,SELL,VBLEQN,3.29,853.0
2023-08-11 14:48:08,SELL,BHARATFORGEQN,3.05,977.25
2023-08-11 14:48:15,SELL,VBLEQN,3.29,852.55
2023-08-11 14:48:15,SELL,BHARATFORGEQN,3.05,978.0
2023-08-11 14:48:23,SELL,VBLEQN,3.29,852.55
2023-08-11 14:48:23,SELL,BHARATFORGEQN,3.05,978.0
2023-08-11 14:48:31,SELL,VBLEQN,3.29,852.55
2023-08-11 14:48:31,SELL,BHARATFORGEQN,3.05,978.0
2023-08-11 14:48:38,SELL,VBLEQN,3.29,852.55
2023-08-11 14:48:38,SELL,BHARATFORGEQN,3.05,978.0
2023-08-11 14:48:47,SELL,VBLEQN,3.29,852.55
2023-08-11 14:48:47,SELL,BHARATFORGEQN,3.05,978.0
2023-08-11 14:48:54,SELL,VBLEQN,3.29,852.55
2023-08-11 14:48:54,SELL,BHARATFORGEQN,3.05,978.0
2023-08-11 14:49:06,SELL,VBLEQN,3.29,852.85
2023-08-11 14:49:06,SELL,BHARATFORGEQN,3.05,976.4
2023-08-11 14:49:15,SELL,VBLEQN,3.29,852.85
2023-08-11 14:49:15,SELL,BHARATFORGEQN,3.05,976.4
2023-08-11 14:49:23,SELL,VBLEQN,3.29,852.85
2023-08-11 14:49:23,SELL,BHARATFORGEQN,3.05,976.4
2023-08-11 14:49:31,SELL,VBLEQN,3.29,852.85
2023-08-11 14:49:31,SELL,BHARATFORGEQN,3.05,976.4
2023-08-11 14:49:41,SELL,VBLEQN,3.29,852.55
2023-08-11 14:49:41,SELL,BHARATFORGEQN,3.05,977.0
2023-08-11 14:49:48,SELL,VBLEQN,3.29,852.55
2023-08-11 14:49:48,SELL,BHARATFORGEQN,3.05,977.0
2023-08-11 14:49:57,SELL,VBLEQN,3.29,852.55
2023-08-11 14:49:57,SELL,BHARATFORGEQN,3.05,977.0
2023-08-11 14:50:05,SELL,VBLEQN,3.29,852.55
2023-08-11 14:50:05,SELL,BHARATFORGEQN,3.05,977.0
2023-08-11 14:50:12,SELL,VBLEQN,3.29,852.8
2023-08-11 14:50:12,SELL,BHARATFORGEQN,3.05,977.2
2023-08-11 14:50:20,SELL,VBLEQN,3.29,852.8
2023-08-11 14:50:20,SELL,BHARATFORGEQN,3.05,977.2
2023-08-11 14:50:29,SELL,VBLEQN,3.29,852.75
2023-08-11 14:50:29,SELL,BHARATFORGEQN,3.05,976.75
2023-08-11 14:50:38,SELL,VBLEQN,3.29,852.75
2023-08-11 14:50:38,SELL,BHARATFORGEQN,3.05,976.75
2023-08-11 14:50:47,SELL,VBLEQN,3.29,852.75
2023-08-11 14:50:47,SELL,BHARATFORGEQN,3.05,976.75
2023-08-11 14:50:54,SELL,VBLEQN,3.29,852.75
2023-08-11 14:50:54,SELL,BHARATFORGEQN,3.05,976.75
2023-08-11 14:51:02,SELL,VBLEQN,3.29,852.75
2023-08-11 14:51:02,SELL,BHARATFORGEQN,3.05,976.75
2023-08-11 14:51:10,SELL,VBLEQN,3.29,852.75
2023-08-11 14:51:10,SELL,BHARATFORGEQN,3.05,976.75
2023-08-11 14:51:19,SELL,VBLEQN,3.29,852.8
2023-08-11 14:51:19,SELL,BHARATFORGEQN,3.05,976.5
2023-08-11 14:51:30,SELL,VBLEQN,3.29,852.8
2023-08-11 14:51:30,SELL,BHARATFORGEQN,3.05,976.5
2023-08-11 14:51:38,SELL,VBLEQN,3.29,852.6
2023-08-11 14:51:38,SELL,BHARATFORGEQN,3.05,975.5
2023-08-11 14:51:46,SELL,VBLEQN,3.29,852.6
2023-08-11 14:51:46,SELL,BHARATFORGEQN,3.05,975.5
2023-08-11 14:51:54,SELL,VBLEQN,3.29,852.45
2023-08-11 14:51:54,SELL,BHARATFORGEQN,3.05,975.75
2023-08-11 14:52:02,SELL,VBLEQN,3.29,852.45
2023-08-11 14:52:02,SELL,BHARATFORGEQN,3.05,975.75
2023-08-11 14:52:10,SELL,VBLEQN,3.29,852.45
2023-08-11 14:52:10,SELL,BHARATFORGEQN,3.05,975.75
2023-08-11 14:52:19,SELL,VBLEQN,3.29,852.45
2023-08-11 14:52:19,SELL,BHARATFORGEQN,3.05,975.75
2023-08-11 14:52:28,SELL,VBLEQN,3.29,852.45
2023-08-11 14:52:28,SELL,BHARATFORGEQN,3.05,975.75
2023-08-11 14:52:36,SELL,VBLEQN,3.29,852.45
2023-08-11 14:52:36,SELL,BHARATFORGEQN,3.05,975.75
2023-08-11 14:52:45,SELL,VBLEQN,3.29,852.25
2023-08-11 14:52:45,SELL,BHARATFORGEQN,3.05,975.65
2023-08-11 14:52:52,SELL,VBLEQN,3.29,852.25
2023-08-11 14:52:52,SELL,BHARATFORGEQN,3.05,975.65
2023-08-11 14:53:00,SELL,VBLEQN,3.29,852.25
2023-08-11 14:53:00,SELL,BHARATFORGEQN,3.05,975.65
2023-08-11 14:53:07,SELL,VBLEQN,3.29,852.25
2023-08-11 14:53:07,SELL,BHARATFORGEQN,3.05,975.65
2023-08-11 14:53:15,SELL,VBLEQN,3.29,852.25
2023-08-11 14:53:15,SELL,BHARATFORGEQN,3.05,975.6
2023-08-11 14:53:24,SELL,VBLEQN,3.29,852.25
2023-08-11 14:53:24,SELL,BHARATFORGEQN,3.05,975.6
2023-08-11 14:53:32,SELL,VBLEQN,3.29,852.55
2023-08-11 14:53:32,SELL,BHARATFORGEQN,3.05,975.6
2023-08-11 14:53:40,SELL,VBLEQN,3.29,852.55
2023-08-11 14:53:40,SELL,BHARATFORGEQN,3.05,975.6
2023-08-11 14:53:48,SELL,VBLEQN,3.29,852.2
2023-08-11 14:53:48,SELL,BHARATFORGEQN,3.05,975.95
2023-08-11 14:53:56,SELL,VBLEQN,3.29,852.2
2023-08-11 14:53:56,SELL,BHARATFORGEQN,3.05,975.95
2023-08-11 14:54:05,SELL,VBLEQN,3.29,852.2
2023-08-11 14:54:05,SELL,BHARATFORGEQN,3.05,975.3
2023-08-11 14:54:14,SELL,VBLEQN,3.29,852.2
2023-08-11 14:54:14,SELL,BHARATFORGEQN,3.05,975.3
2023-08-11 14:54:22,SELL,VBLEQN,3.29,852.2
2023-08-11 14:54:22,SELL,BHARATFORGEQN,3.05,975.3
2023-08-11 14:54:34,SELL,VBLEQN,3.29,852.2
2023-08-11 14:54:34,SELL,BHARATFORGEQN,3.05,975.3
2023-08-11 14:54:42,SELL,VBLEQN,3.29,852.2
2023-08-11 14:54:42,SELL,BHARATFORGEQN,3.05,975.0
2023-08-11 14:54:49,SELL,VBLEQN,3.29,852.2
2023-08-11 14:54:49,SELL,BHARATFORGEQN,3.05,975.0
2023-08-11 14:54:58,SELL,VBLEQN,3.29,852.4
2023-08-11 14:54:58,SELL,BHARATFORGEQN,3.05,974.7
2023-08-11 14:55:05,SELL,VBLEQN,3.29,852.4
2023-08-11 14:55:05,SELL,BHARATFORGEQN,3.05,974.7
2023-08-11 14:55:12,SELL,VBLEQN,3.29,852.4
2023-08-11 14:55:12,SELL,BHARATFORGEQN,3.05,974.7
2023-08-11 14:55:20,SELL,VBLEQN,3.29,852.4
2023-08-11 14:55:20,SELL,BHARATFORGEQN,3.05,974.7
2023-08-11 14:55:28,SELL,VBLEQN,3.29,852.4
2023-08-11 14:55:28,SELL,BHARATFORGEQN,3.05,974.7
2023-08-11 14:55:35,SELL,VBLEQN,3.29,852.4
2023-08-11 14:55:35,SELL,BHARATFORGEQN,3.05,974.7
2023-08-11 14:55:43,SELL,VBLEQN,3.29,852.4
2023-08-11 14:55:43,SELL,BHARATFORGEQN,3.05,974.7
2023-08-11 14:55:50,SELL,VBLEQN,3.29,852.4
2023-08-11 14:55:50,SELL,BHARATFORGEQN,3.05,974.7
2023-08-11 14:55:59,SELL,VBLEQN,3.29,852.15
2023-08-11 14:55:59,SELL,BHARATFORGEQN,3.05,974.35
2023-08-11 14:56:07,SELL,VBLEQN,3.29,852.15
2023-08-11 14:56:07,SELL,BHARATFORGEQN,3.05,974.35
2023-08-11 14:56:16,SELL,VBLEQN,3.29,852.1
2023-08-11 14:56:16,SELL,BHARATFORGEQN,3.05,975.5
2023-08-11 14:56:23,SELL,VBLEQN,3.29,852.1
2023-08-11 14:56:23,SELL,BHARATFORGEQN,3.05,975.5
2023-08-11 14:56:31,SELL,VBLEQN,3.29,852.0
2023-08-11 14:56:31,SELL,BHARATFORGEQN,3.05,975.25
2023-08-11 14:56:38,SELL,VBLEQN,3.29,852.0
2023-08-11 14:56:38,SELL,BHARATFORGEQN,3.05,975.25
2023-08-11 14:56:45,SELL,VBLEQN,3.29,852.0
2023-08-11 14:56:45,SELL,BHARATFORGEQN,3.05,975.25
2023-08-11 14:57:03,SELL,VBLEQN,3.29,852.0
2023-08-11 14:57:03,SELL,BHARATFORGEQN,3.05,975.25
2023-08-11 14:57:10,SELL,VBLEQN,3.29,852.0
2023-08-11 14:57:10,SELL,BHARATFORGEQN,3.05,975.25
2023-08-11 14:57:18,SELL,VBLEQN,3.29,852.25
2023-08-11 14:57:18,SELL,BHARATFORGEQN,3.05,976.4
2023-08-11 14:57:25,SELL,VBLEQN,3.29,852.25
2023-08-11 14:57:25,SELL,BHARATFORGEQN,3.05,976.4
2023-08-11 14:57:35,SELL,VBLEQN,3.29,852.0
2023-08-11 14:57:35,SELL,BHARATFORGEQN,3.05,976.4
2023-08-11 14:57:44,SELL,VBLEQN,3.29,852.0
2023-08-11 14:57:44,SELL,BHARATFORGEQN,3.05,976.4
2023-08-11 14:57:54,SELL,VBLEQN,3.29,851.8
2023-08-11 14:57:54,SELL,BHARATFORGEQN,3.05,976.1
2023-08-11 14:58:02,SELL,VBLEQN,3.29,851.8
2023-08-11 14:58:02,SELL,BHARATFORGEQN,3.05,976.1
2023-08-11 14:58:11,SELL,VBLEQN,3.29,851.8
2023-08-11 14:58:11,SELL,BHARATFORGEQN,3.05,976.1
2023-08-11 14:58:19,SELL,VBLEQN,3.29,851.8
2023-08-11 14:58:19,SELL,BHARATFORGEQN,3.05,976.1
2023-08-11 14:58:27,SELL,VBLEQN,3.29,851.8
2023-08-11 14:58:27,SELL,BHARATFORGEQN,3.05,976.1
2023-08-11 14:58:39,SELL,VBLEQN,3.29,851.8
2023-08-11 14:58:39,SELL,BHARATFORGEQN,3.05,976.1
2023-08-11 14:58:48,SELL,VBLEQN,3.29,851.5
2023-08-11 14:58:48,SELL,BHARATFORGEQN,3.05,976.15
2023-08-11 14:58:58,SELL,VBLEQN,3.29,851.5
2023-08-11 14:58:58,SELL,BHARATFORGEQN,3.05,976.15
2023-08-11 14:59:11,SELL,VBLEQN,3.29,851.9
2023-08-11 14:59:11,SELL,BHARATFORGEQN,3.05,976.0
2023-08-11 14:59:19,SELL,VBLEQN,3.29,851.9
2023-08-11 14:59:19,SELL,BHARATFORGEQN,3.05,976.0
2023-08-11 14:59:26,SELL,VBLEQN,3.29,851.9
2023-08-11 14:59:26,SELL,BHARATFORGEQN,3.05,976.0
2023-08-11 14:59:34,SELL,VBLEQN,3.29,851.9
2023-08-11 14:59:34,SELL,BHARATFORGEQN,3.05,976.0
2023-08-11 14:59:41,SELL,VBLEQN,3.29,851.9
2023-08-11 14:59:41,SELL,BHARATFORGEQN,3.05,976.0
2023-08-11 14:59:50,SELL,VBLEQN,3.29,851.75
2023-08-11 14:59:50,SELL,BHARATFORGEQN,3.05,976.0
2023-08-11 14:59:57,SELL,VBLEQN,3.29,851.75
2023-08-11 14:59:57,SELL,BHARATFORGEQN,3.05,976.0
2023-08-11 15:00:07,SELL,VBLEQN,3.29,852.0
2023-08-11 15:00:07,SELL,BHARATFORGEQN,3.05,977.75
2023-08-11 15:00:15,SELL,VBLEQN,3.29,852.0
2023-08-11 15:00:15,SELL,BHARATFORGEQN,3.05,977.75
2023-08-11 15:00:23,SELL,VBLEQN,3.29,852.0
2023-08-11 15:00:23,SELL,BHARATFORGEQN,3.05,977.75
2023-08-11 15:00:30,SELL,VBLEQN,3.29,852.0
2023-08-11 15:00:30,SELL,BHARATFORGEQN,3.05,977.75
2023-08-11 15:00:39,SELL,VBLEQN,3.29,852.0
2023-08-11 15:00:39,SELL,BHARATFORGEQN,3.05,977.75
2023-08-11 15:00:47,SELL,VBLEQN,3.29,852.0
2023-08-11 15:00:47,SELL,BHARATFORGEQN,3.05,977.75
2023-08-11 15:00:55,SELL,VBLEQN,3.29,852.5
2023-08-11 15:00:55,SELL,BHARATFORGEQN,3.05,977.95
2023-08-11 15:01:02,SELL,VBLEQN,3.29,852.5
2023-08-11 15:01:02,SELL,BHARATFORGEQN,3.05,977.95
2023-08-11 15:01:11,SELL,VBLEQN,3.29,852.5
2023-08-11 15:01:11,SELL,BHARATFORGEQN,3.05,977.95
2023-08-11 15:01:19,SELL,VBLEQN,3.29,852.5
2023-08-11 15:01:19,SELL,BHARATFORGEQN,3.05,977.95
2023-08-11 15:01:28,SELL,VBLEQN,3.29,852.05
2023-08-11 15:01:28,SELL,BHARATFORGEQN,3.05,977.0
2023-08-11 15:01:36,SELL,VBLEQN,3.29,852.05
2023-08-11 15:01:36,SELL,BHARATFORGEQN,3.05,977.0
2023-08-11 15:01:45,SELL,VBLEQN,3.29,851.85
2023-08-11 15:01:45,SELL,BHARATFORGEQN,3.05,976.6
2023-08-11 15:01:53,SELL,VBLEQN,3.29,851.85
2023-08-11 15:01:53,SELL,BHARATFORGEQN,3.05,976.6
2023-08-11 15:02:01,SELL,VBLEQN,3.29,851.85
2023-08-11 15:02:01,SELL,BHARATFORGEQN,3.05,976.6
2023-08-11 15:02:09,SELL,VBLEQN,3.29,851.85
2023-08-11 15:02:09,SELL,BHARATFORGEQN,3.05,976.6
2023-08-11 15:02:17,SELL,VBLEQN,3.29,851.85
2023-08-11 15:02:17,SELL,BHARATFORGEQN,3.05,976.6
2023-08-11 15:02:25,SELL,VBLEQN,3.29,851.85
2023-08-11 15:02:25,SELL,BHARATFORGEQN,3.05,976.6
2023-08-11 15:02:33,SELL,VBLEQN,3.29,851.5
2023-08-11 15:02:33,SELL,BHARATFORGEQN,3.05,976.5
2023-08-11 15:02:40,SELL,VBLEQN,3.29,851.5
2023-08-11 15:02:40,SELL,BHARATFORGEQN,3.05,976.5
2023-08-11 15:02:48,SELL,VBLEQN,3.29,851.5
2023-08-11 15:02:48,SELL,BHARATFORGEQN,3.05,976.5
2023-08-11 15:02:56,SELL,VBLEQN,3.29,851.5
2023-08-11 15:02:56,SELL,BHARATFORGEQN,3.05,976.5
2023-08-11 15:03:03,SELL,VBLEQN,3.29,851.55
2023-08-11 15:03:03,SELL,BHARATFORGEQN,3.05,976.1
2023-08-11 15:03:09,BUY,JINDALSTELEQN,3.13,3.13
2023-08-11 15:03:10,SELL,VBLEQN,3.29,851.55
2023-08-11 15:03:10,SELL,JINDALSTELEQN,3.13,697.55
2023-08-11 15:03:10,SELL,BHARATFORGEQN,3.05,976.1
2023-08-11 15:03:22,SELL,VBLEQN,3.29,851.0
2023-08-11 15:03:22,SELL,JINDALSTELEQN,3.13,698.2
2023-08-11 15:03:22,SELL,BHARATFORGEQN,3.05,977.75
2023-08-11 15:03:34,SELL,VBLEQN,3.29,851.0
2023-08-11 15:03:34,SELL,JINDALSTELEQN,3.13,698.2
2023-08-11 15:03:34,SELL,BHARATFORGEQN,3.05,977.75
2023-08-11 15:03:44,SELL,VBLEQN,3.29,851.0
2023-08-11 15:03:44,SELL,JINDALSTELEQN,3.13,698.2
2023-08-11 15:03:44,SELL,BHARATFORGEQN,3.05,977.75
2023-08-11 15:03:54,SELL,VBLEQN,3.29,850.1
2023-08-11 15:03:54,SELL,JINDALSTELEQN,3.13,698.65
2023-08-11 15:03:54,SELL,BHARATFORGEQN,3.05,977.15
2023-08-11 15:04:07,SELL,VBLEQN,3.29,850.1
2023-08-11 15:04:07,SELL,JINDALSTELEQN,3.13,698.65
2023-08-11 15:04:07,SELL,BHARATFORGEQN,3.05,977.05
2023-08-11 15:04:16,SELL,VBLEQN,3.29,850.1
2023-08-11 15:04:16,SELL,JINDALSTELEQN,3.13,698.65
2023-08-11 15:04:16,SELL,BHARATFORGEQN,3.05,977.05
2023-08-11 15:04:25,SELL,VBLEQN,3.29,849.65
2023-08-11 15:04:25,SELL,JINDALSTELEQN,3.13,697.9
2023-08-11 15:04:25,SELL,BHARATFORGEQN,3.05,977.05
2023-08-11 15:04:38,SELL,VBLEQN,3.29,849.65
2023-08-11 15:04:38,SELL,JINDALSTELEQN,3.13,697.9
2023-08-11 15:04:38,SELL,BHARATFORGEQN,3.05,976.15
2023-08-11 15:04:50,SELL,VBLEQN,3.29,848.5
2023-08-11 15:04:50,SELL,JINDALSTELEQN,3.13,697.0
2023-08-11 15:04:50,SELL,BHARATFORGEQN,3.05,976.15
2023-08-11 15:04:59,SELL,VBLEQN,3.29,848.5
2023-08-11 15:04:59,SELL,JINDALSTELEQN,3.13,697.0
2023-08-11 15:04:59,SELL,BHARATFORGEQN,3.05,976.15
2023-08-11 15:05:12,SELL,VBLEQN,3.29,849.4
2023-08-11 15:05:12,SELL,JINDALSTELEQN,3.13,697.4
2023-08-11 15:05:12,SELL,BHARATFORGEQN,3.05,976.0
2023-08-11 15:05:20,SELL,VBLEQN,3.29,849.4
2023-08-11 15:05:20,SELL,JINDALSTELEQN,3.13,697.4
2023-08-11 15:05:20,SELL,BHARATFORGEQN,3.05,976.0
2023-08-11 15:05:29,SELL,VBLEQN,3.29,850.0
2023-08-11 15:05:29,SELL,JINDALSTELEQN,3.13,697.05
2023-08-11 15:05:29,SELL,BHARATFORGEQN,3.05,976.0
2023-08-11 15:05:37,SELL,VBLEQN,3.29,850.0
2023-08-11 15:05:37,SELL,JINDALSTELEQN,3.13,697.05
2023-08-11 15:05:37,SELL,BHARATFORGEQN,3.05,976.0
2023-08-11 15:05:46,SELL,VBLEQN,3.29,850.0
2023-08-11 15:05:46,SELL,JINDALSTELEQN,3.13,697.05
2023-08-11 15:05:46,SELL,BHARATFORGEQN,3.05,976.0
2023-08-11 15:05:55,SELL,VBLEQN,3.29,850.0
2023-08-11 15:05:55,SELL,JINDALSTELEQN,3.13,697.05
2023-08-11 15:05:55,SELL,BHARATFORGEQN,3.05,976.0
2023-08-11 15:06:04,SELL,VBLEQN,3.29,850.0
2023-08-11 15:06:04,SELL,JINDALSTELEQN,3.13,697.05
2023-08-11 15:06:04,SELL,BHARATFORGEQN,3.05,976.0
2023-08-11 15:06:15,SELL,VBLEQN,3.29,850.0
2023-08-11 15:06:15,SELL,JINDALSTELEQN,3.13,697.05
2023-08-11 15:06:15,SELL,BHARATFORGEQN,3.05,976.0
2023-08-11 15:06:23,SELL,VBLEQN,3.29,849.65
2023-08-11 15:06:23,SELL,JINDALSTELEQN,3.13,698.3
2023-08-11 15:06:23,SELL,BHARATFORGEQN,3.05,975.8
2023-08-11 15:06:32,SELL,VBLEQN,3.29,849.65
2023-08-11 15:06:32,SELL,JINDALSTELEQN,3.13,698.3
2023-08-11 15:06:32,SELL,BHARATFORGEQN,3.05,975.8
2023-08-11 15:06:42,SELL,VBLEQN,3.29,849.25
2023-08-11 15:06:42,SELL,JINDALSTELEQN,3.13,698.0
2023-08-11 15:06:42,SELL,BHARATFORGEQN,3.05,976.6
2023-08-11 15:06:50,SELL,VBLEQN,3.29,849.25
2023-08-11 15:06:50,SELL,JINDALSTELEQN,3.13,698.0
2023-08-11 15:06:50,SELL,BHARATFORGEQN,3.05,976.6
2023-08-11 15:06:59,SELL,VBLEQN,3.29,849.55
2023-08-11 15:06:59,SELL,JINDALSTELEQN,3.13,698.4
2023-08-11 15:06:59,SELL,BHARATFORGEQN,3.05,975.1
2023-08-11 15:07:08,SELL,VBLEQN,3.29,849.55
2023-08-11 15:07:08,SELL,JINDALSTELEQN,3.13,698.4
2023-08-11 15:07:08,SELL,BHARATFORGEQN,3.05,975.1
2023-08-11 15:07:17,SELL,VBLEQN,3.29,849.55
2023-08-11 15:07:17,SELL,JINDALSTELEQN,3.13,698.4
2023-08-11 15:07:17,SELL,BHARATFORGEQN,3.05,975.1
2023-08-11 15:07:27,SELL,VBLEQN,3.29,849.55
2023-08-11 15:07:27,SELL,JINDALSTELEQN,3.13,698.4
2023-08-11 15:07:27,SELL,BHARATFORGEQN,3.05,975.1
2023-08-11 15:07:35,SELL,VBLEQN,3.29,849.55
2023-08-11 15:07:35,SELL,JINDALSTELEQN,3.13,698.4
2023-08-11 15:07:35,SELL,BHARATFORGEQN,3.05,975.1
2023-08-11 15:07:44,SELL,VBLEQN,3.29,849.8
2023-08-11 15:07:44,SELL,JINDALSTELEQN,3.13,698.8
2023-08-11 15:07:44,SELL,BHARATFORGEQN,3.05,974.9
2023-08-11 15:07:53,SELL,VBLEQN,3.29,849.8
2023-08-11 15:07:53,SELL,JINDALSTELEQN,3.13,698.8
2023-08-11 15:07:53,SELL,BHARATFORGEQN,3.05,974.9
2023-08-11 15:08:01,SELL,VBLEQN,3.29,849.3
2023-08-11 15:08:01,SELL,JINDALSTELEQN,3.13,698.3
2023-08-11 15:08:01,SELL,BHARATFORGEQN,3.05,974.0
2023-08-11 15:08:10,SELL,VBLEQN,3.29,849.3
2023-08-11 15:08:10,SELL,JINDALSTELEQN,3.13,698.3
2023-08-11 15:08:10,SELL,BHARATFORGEQN,3.05,974.0
2023-08-11 15:08:19,SELL,VBLEQN,3.29,849.3
2023-08-11 15:08:19,SELL,JINDALSTELEQN,3.13,698.3
2023-08-11 15:08:19,SELL,BHARATFORGEQN,3.05,974.0
2023-08-11 15:08:28,SELL,VBLEQN,3.29,849.95
2023-08-11 15:08:28,SELL,JINDALSTELEQN,3.13,698.95
2023-08-11 15:08:28,SELL,BHARATFORGEQN,3.05,973.4
2023-08-11 15:08:37,SELL,VBLEQN,3.29,849.95
2023-08-11 15:08:37,SELL,JINDALSTELEQN,3.13,698.95
2023-08-11 15:08:37,SELL,BHARATFORGEQN,3.05,973.4
2023-08-11 15:08:45,SELL,VBLEQN,3.29,849.95
2023-08-11 15:08:45,SELL,JINDALSTELEQN,3.13,698.95
2023-08-11 15:08:45,SELL,BHARATFORGEQN,3.05,973.4
2023-08-11 15:08:54,SELL,VBLEQN,3.29,849.95
2023-08-11 15:08:54,SELL,JINDALSTELEQN,3.13,698.95
2023-08-11 15:08:54,SELL,BHARATFORGEQN,3.05,973.4
2023-08-11 15:09:04,SELL,VBLEQN,3.29,849.95
2023-08-11 15:09:04,SELL,JINDALSTELEQN,3.13,698.95
2023-08-11 15:09:04,SELL,BHARATFORGEQN,3.05,973.4
2023-08-11 15:09:13,SELL,VBLEQN,3.29,849.95
2023-08-11 15:09:13,SELL,JINDALSTELEQN,3.13,698.95
2023-08-11 15:09:13,SELL,BHARATFORGEQN,3.05,973.4
2023-08-11 15:09:21,SELL,VBLEQN,3.29,849.95
2023-08-11 15:09:21,SELL,JINDALSTELEQN,3.13,698.95
2023-08-11 15:09:21,SELL,BHARATFORGEQN,3.05,973.3
2023-08-11 15:09:30,SELL,VBLEQN,3.29,849.4
2023-08-11 15:09:30,SELL,JINDALSTELEQN,3.13,698.75
2023-08-11 15:09:30,SELL,BHARATFORGEQN,3.05,973.3
2023-08-11 15:09:39,SELL,VBLEQN,3.29,849.4
2023-08-11 15:09:39,SELL,JINDALSTELEQN,3.13,698.75
2023-08-11 15:09:39,SELL,BHARATFORGEQN,3.05,973.3
2023-08-11 15:09:48,SELL,VBLEQN,3.29,849.05
2023-08-11 15:09:48,SELL,JINDALSTELEQN,3.13,697.0
2023-08-11 15:09:48,SELL,BHARATFORGEQN,3.05,973.4
2023-08-11 15:09:56,SELL,VBLEQN,3.29,849.05
2023-08-11 15:09:56,SELL,JINDALSTELEQN,3.13,697.0
2023-08-11 15:09:56,SELL,BHARATFORGEQN,3.05,973.4
2023-08-11 15:10:07,SELL,VBLEQN,3.29,849.0
2023-08-11 15:10:07,SELL,JINDALSTELEQN,3.13,697.45
2023-08-11 15:10:07,SELL,BHARATFORGEQN,3.05,973.5
2023-08-11 15:10:15,SELL,VBLEQN,3.29,849.0
2023-08-11 15:10:15,SELL,JINDALSTELEQN,3.13,697.45
2023-08-11 15:10:15,SELL,BHARATFORGEQN,3.05,973.5
2023-08-11 15:10:24,SELL,VBLEQN,3.29,849.0
2023-08-11 15:10:24,SELL,JINDALSTELEQN,3.13,697.45
2023-08-11 15:10:24,SELL,BHARATFORGEQN,3.05,973.5
2023-08-11 15:10:32,SELL,VBLEQN,3.29,849.0
2023-08-11 15:10:32,SELL,JINDALSTELEQN,3.13,697.45
2023-08-11 15:10:32,SELL,BHARATFORGEQN,3.05,973.5
2023-08-11 15:10:41,SELL,VBLEQN,3.29,849.0
2023-08-11 15:10:41,SELL,JINDALSTELEQN,3.13,697.95
2023-08-11 15:10:41,SELL,BHARATFORGEQN,3.05,973.1
2023-08-11 15:11:06,SELL,VBLEQN,3.29,848.9
2023-08-11 15:11:06,SELL,JINDALSTELEQN,3.13,698.05
2023-08-11 15:11:06,SELL,BHARATFORGEQN,3.05,974.0
2023-08-11 15:11:14,SELL,VBLEQN,3.29,848.9
2023-08-11 15:11:14,SELL,JINDALSTELEQN,3.13,698.05
2023-08-11 15:11:14,SELL,BHARATFORGEQN,3.05,974.0
2023-08-11 15:11:24,SELL,VBLEQN,3.29,848.9
2023-08-11 15:11:24,SELL,JINDALSTELEQN,3.13,698.05
2023-08-11 15:11:24,SELL,BHARATFORGEQN,3.05,974.0
2023-08-11 15:11:34,SELL,VBLEQN,3.29,848.9
2023-08-11 15:11:34,SELL,JINDALSTELEQN,3.13,698.05
2023-08-11 15:11:34,SELL,BHARATFORGEQN,3.05,974.0
2023-08-11 15:11:42,SELL,VBLEQN,3.29,848.9
2023-08-11 15:11:42,SELL,JINDALSTELEQN,3.13,698.05
2023-08-11 15:11:42,SELL,BHARATFORGEQN,3.05,974.0
2023-08-11 15:11:51,SELL,VBLEQN,3.29,848.9
2023-08-11 15:11:51,SELL,JINDALSTELEQN,3.13,698.05
2023-08-11 15:11:51,SELL,BHARATFORGEQN,3.05,974.0
2023-08-11 15:12:00,SELL,VBLEQN,3.29,848.85
2023-08-11 15:12:00,SELL,JINDALSTELEQN,3.13,698.95
2023-08-11 15:12:00,SELL,BHARATFORGEQN,3.05,974.3
2023-08-11 15:12:08,SELL,VBLEQN,3.29,848.85
2023-08-11 15:12:08,SELL,JINDALSTELEQN,3.13,698.95
2023-08-11 15:12:08,SELL,BHARATFORGEQN,3.05,974.3
2023-08-11 15:12:16,SELL,VBLEQN,3.29,848.85
2023-08-11 15:12:16,SELL,JINDALSTELEQN,3.13,698.95
2023-08-11 15:12:16,SELL,BHARATFORGEQN,3.05,974.3
2023-08-11 15:12:26,SELL,VBLEQN,3.29,849.3
2023-08-11 15:12:26,SELL,JINDALSTELEQN,3.13,699.0
2023-08-11 15:12:26,SELL,BHARATFORGEQN,3.05,974.05
2023-08-11 15:12:34,SELL,VBLEQN,3.29,849.3
2023-08-11 15:12:34,SELL,JINDALSTELEQN,3.13,699.0
2023-08-11 15:12:34,SELL,BHARATFORGEQN,3.05,974.05
2023-08-11 15:12:44,SELL,VBLEQN,3.29,849.1
2023-08-11 15:12:44,SELL,JINDALSTELEQN,3.13,699.5
2023-08-11 15:12:44,SELL,BHARATFORGEQN,3.05,974.05
2023-08-11 15:12:52,SELL,VBLEQN,3.29,849.1
2023-08-11 15:12:52,SELL,JINDALSTELEQN,3.13,699.5
2023-08-11 15:12:52,SELL,BHARATFORGEQN,3.05,974.05
2023-08-11 15:13:01,SELL,VBLEQN,3.29,849.1
2023-08-11 15:13:01,SELL,JINDALSTELEQN,3.13,699.5
2023-08-11 15:13:01,SELL,BHARATFORGEQN,3.05,973.7
2023-08-11 15:13:13,SELL,VBLEQN,3.29,849.1
2023-08-11 15:13:13,SELL,JINDALSTELEQN,3.13,699.5
2023-08-11 15:13:13,SELL,BHARATFORGEQN,3.05,973.7
2023-08-11 15:13:23,SELL,VBLEQN,3.29,849.1
2023-08-11 15:13:23,SELL,JINDALSTELEQN,3.13,699.5
2023-08-11 15:13:23,SELL,BHARATFORGEQN,3.05,973.7
2023-08-11 15:13:31,SELL,VBLEQN,3.29,848.55
2023-08-11 15:13:31,SELL,JINDALSTELEQN,3.13,699.0
2023-08-11 15:13:31,SELL,BHARATFORGEQN,3.05,974.9
2023-08-11 15:13:39,SELL,VBLEQN,3.29,848.55
2023-08-11 15:13:39,SELL,JINDALSTELEQN,3.13,699.0
2023-08-11 15:13:39,SELL,BHARATFORGEQN,3.05,974.9
2023-08-11 15:13:47,SELL,VBLEQN,3.29,848.55
2023-08-11 15:13:47,SELL,JINDALSTELEQN,3.13,699.0
2023-08-11 15:13:47,SELL,BHARATFORGEQN,3.05,974.9
2023-08-11 15:13:55,SELL,VBLEQN,3.29,848.55
2023-08-11 15:13:55,SELL,JINDALSTELEQN,3.13,699.0
2023-08-11 15:13:55,SELL,BHARATFORGEQN,3.05,974.9
2023-08-11 15:14:08,SELL,VBLEQN,3.29,848.7
2023-08-11 15:14:08,SELL,JINDALSTELEQN,3.13,699.1
2023-08-11 15:14:08,SELL,BHARATFORGEQN,3.05,974.75
2023-08-11 15:14:16,SELL,VBLEQN,3.29,848.7
2023-08-11 15:14:16,SELL,JINDALSTELEQN,3.13,699.1
2023-08-11 15:14:16,SELL,BHARATFORGEQN,3.05,974.75
2023-08-11 15:14:25,SELL,VBLEQN,3.29,848.7
2023-08-11 15:14:25,SELL,JINDALSTELEQN,3.13,699.1
2023-08-11 15:14:25,SELL,BHARATFORGEQN,3.05,974.9
2023-08-11 15:14:33,SELL,VBLEQN,3.29,848.7
2023-08-11 15:14:33,SELL,JINDALSTELEQN,3.13,699.1
2023-08-11 15:14:33,SELL,BHARATFORGEQN,3.05,974.9
2023-08-11 15:14:42,SELL,VBLEQN,3.29,848.1
2023-08-11 15:14:42,SELL,JINDALSTELEQN,3.13,699.6
2023-08-11 15:14:42,SELL,BHARATFORGEQN,3.05,974.9
2023-08-11 15:14:49,SELL,VBLEQN,3.29,848.1
2023-08-11 15:14:49,SELL,JINDALSTELEQN,3.13,699.6
2023-08-11 15:14:49,SELL,BHARATFORGEQN,3.05,974.9
2023-08-11 15:14:59,SELL,VBLEQN,3.29,848.35
2023-08-11 15:14:59,SELL,JINDALSTELEQN,3.13,699.25
2023-08-11 15:14:59,SELL,BHARATFORGEQN,3.05,974.65
2023-08-11 15:15:07,SELL,VBLEQN,3.29,848.35
2023-08-11 15:15:07,SELL,JINDALSTELEQN,3.13,699.25
2023-08-11 15:15:07,SELL,BHARATFORGEQN,3.05,974.65
2023-08-11 15:15:16,SELL,VBLEQN,3.29,848.35
2023-08-11 15:15:16,SELL,JINDALSTELEQN,3.13,699.25
2023-08-11 15:15:16,SELL,BHARATFORGEQN,3.05,974.65
2023-08-11 15:15:24,SELL,VBLEQN,3.29,848.35
2023-08-11 15:15:24,SELL,JINDALSTELEQN,3.13,699.25
2023-08-11 15:15:24,SELL,BHARATFORGEQN,3.05,974.65
2023-08-11 15:15:34,SELL,VBLEQN,3.29,849.2
2023-08-11 15:15:34,SELL,JINDALSTELEQN,3.13,699.15
2023-08-11 15:15:34,SELL,BHARATFORGEQN,3.05,973.95
2023-08-11 15:15:45,SELL,VBLEQN,3.29,849.2
2023-08-11 15:15:45,SELL,JINDALSTELEQN,3.13,699.15
2023-08-11 15:15:45,SELL,BHARATFORGEQN,3.05,973.95
2023-08-11 15:15:54,SELL,VBLEQN,3.29,849.2
2023-08-11 15:15:54,SELL,JINDALSTELEQN,3.13,699.15
2023-08-11 15:15:54,SELL,BHARATFORGEQN,3.05,973.95
2023-08-11 15:16:02,SELL,VBLEQN,3.29,849.2
2023-08-11 15:16:02,SELL,JINDALSTELEQN,3.13,699.15
2023-08-11 15:16:02,SELL,BHARATFORGEQN,3.05,973.95
2023-08-11 15:16:19,SELL,VBLEQN,3.29,848.55
2023-08-11 15:16:19,SELL,JINDALSTELEQN,3.13,699.2
2023-08-11 15:16:19,SELL,BHARATFORGEQN,3.05,973.9
2023-08-11 15:16:29,SELL,VBLEQN,3.29,848.55
2023-08-11 15:16:29,SELL,JINDALSTELEQN,3.13,699.2
2023-08-11 15:16:29,SELL,BHARATFORGEQN,3.05,973.9
2023-08-11 15:16:53,SELL,VBLEQN,3.29,848.9
2023-08-11 15:16:53,SELL,JINDALSTELEQN,3.13,699.15
2023-08-11 15:16:53,SELL,BHARATFORGEQN,3.05,973.65
2023-08-11 15:17:07,SELL,VBLEQN,3.29,848.55
2023-08-11 15:17:07,SELL,JINDALSTELEQN,3.13,699.0
2023-08-11 15:17:07,SELL,BHARATFORGEQN,3.05,971.75
2023-08-11 15:17:15,SELL,VBLEQN,3.29,848.55
2023-08-11 15:17:15,SELL,JINDALSTELEQN,3.13,699.0
2023-08-11 15:17:15,SELL,BHARATFORGEQN,3.05,971.75
2023-08-11 15:17:25,SELL,VBLEQN,3.29,848.55
2023-08-11 15:17:25,SELL,JINDALSTELEQN,3.13,699.0
2023-08-11 15:17:25,SELL,BHARATFORGEQN,3.05,971.75
2023-08-11 15:17:33,SELL,VBLEQN,3.29,848.55
2023-08-11 15:17:33,SELL,JINDALSTELEQN,3.13,699.0
2023-08-11 15:17:33,SELL,BHARATFORGEQN,3.05,971.75
2023-08-11 15:17:51,SELL,VBLEQN,3.29,849.0
2023-08-11 15:17:51,SELL,JINDALSTELEQN,3.13,699.1
2023-08-11 15:17:51,SELL,BHARATFORGEQN,3.05,971.2
